1784 3328
153 211 210 253 66

157 454 274 503 281.

174 2265 289 2311 283.

178 2703 294 2754 284.

657 203 1036 248 PENTANDRIA.
1097 203 1230 248 M01<0
1238 219 1275 247 G.

390 347 489 393 102.
530 346 857 389 PHYTEUMA.
879 347 929 388 L.
990 344 1068 388 RS.
1091 345 1192 391 876.
1253 344 1301 386 Ρ.
1323 339 1449 389 431.‘
1485 343 1556 387 W.
1576 342 1678 388 331.

320 450 383 504 Ρ.
419 448 748 502 orbiculare.
783 459 833 499 L.
894 456 973 498 RS.
999 456 1040 500 9.
1100 455 1148 498 P.
1169 454 1211 499 6.
1273 453 1344 497 W.
1369 452 1411 498 6.

408 541 476 597 ᾙ.
500 549 649 593 5—7.
709 547 760 588 In
792 545 926 602 pratis
958 552 1001 586 et
1040 545 1253 586 fruticetis
1294 543 1497 596 turfosis,
1544 543 1708 585 rarius:
1762 584 1764 587 .

320 623 513 666 Dalmen
545 623 602 662 im
634 618 872 676 Meifelder
924 618 1075 659 Brucla
1114 625 1244 673 atque
1274 618 1334 658 im
1365 617 1675 659 Saskenbruch
1694 646 1708 667 ,

319 694 397 739 N.!
429 716 487 726 —-
546 693 680 748 Quod
712 694 829 734 circa
874 691 988 734 hanc
1019 693 1215 748 plantam
1248 691 1521 747 subalpinam
1561 703 1711 731 move-

321 783 468 813 ramus
500 768 707 819 dubium,
746 780 835 807 non
866 767 1008 807 solum
1039 766 1333 822 descriptione
1364 766 1418 805 cl.
1449 764 1713 820 possessoris

323 843 515 886 herbarii
543 841 807 892 Linnacani,
839 840 895 881 ad
924 854 1112 895 unguem
1143 844 1436 894 congruente,
1473 837 1552 878 sed
1581 836 1712 878 etiam

323 915 632 973 speciminibus
683 912 737 955 ab
778 914 995 955 indefesso
1045 913 1224 955 Siebero
1264 914 1311 954 in
1352 911 1522 968 alpibus
1570 911 1712 962 lectis,

324 991 446 1031 nullo
476 996 608 1045 pacto
640 1002 665 1029 a
695 995 889 1030 nostrate
920 988 1122 1041 diversis,
1163 988 1353 1029 solutum
1384 992 1460 1027 est.
1490 1007 1551 1016 —
1609 984 1711 1024 Flo-

325 1078 425 1106 rum
466 1064 704 1119 capitulum
734 1061 987 1115 globosum,
1038 1068 1137 1117 post
1176 1060 1494 1102 florescentiam
1534 1059 1712 1111 elonga-

325 1144 445 1191 tum3
477 1138 606 1178 flores
638 1136 981 1190 atro-violacei3
1013 1135 1117 1177 solia
1146 1135 1353 1176 radicalia
1383 1133 1712 1176 cordato-ova-

329 1218 398 1263 ta,
430 1211 599 1264 longius
629 1210 864 1266 petiolata,
897 1209 1068 1250 caulina
1097 1209 1273 1261 sessilia,
1304 1208 1561 1259 lanceolata,
1592 1207 1712 1247 cilia-

326 1290 387 1325 ta.
447 1284 674 1325 Diversum
706 1297 810 1325 vero
839 1283 1011 1324 videtur
1042 1283 1090 1323 P.
1132 1282 1379 1324 orbiculare
1411 1280 1714 1336 quorundam,

328 1357 444 1398 foliis
475 1356 737 1399 radicalibus
769 1356 1077 1411 angustissimis
1108 1354 1502 1408 lineari-oblongis
1532 1353 1714 1394 distinc-

329 1437 448 1484 tum,
499 1431 545 1472 in
587 1431 799 1473 montosis
842 1429 922 1472 der
961 1427 1083 1487 Ezfel
1131 1429 1249 1472 haud
1287 1442 1461 1481 rarum,
1519 1441 1572 1470 ex
1609 1441 1714 1483 agro

329 1513 484 1547 nostro
518 1504 630 1547 exul.

274 1651 286 1664 .
333 1609 396 1661 P.
432 1605 728 1675 spicatum.
761 1616 812 1657 L.
871 1611 951 1654 RS.
975 1611 1046 1657 17.
1104 1612 1153 1654 P.
1174 1611 1217 1655 9.
1276 1610 1347 1654 W.
1369 1609 1412 1655 9.

420 1696 488 1755 ᾙ.
519 1707 667 1750 5—7.
727 1705 777 1745 In
827 1702 1039 1758 sylvaticis
1088 1701 1329 1752 umbrosis,
1388 1707 1479 1743 tam
1528 1700 1716 1744 humidis

335 1794 466 1838 quam
498 1780 648 1832 siccis,
700 1778 817 1820 haud
846 1777 906 1818 ita
944 1776 1162 1832 frequens.
1192 1797 1251 1806 ·--
1309 1776 1593 1818 Praecedente
1623 1791 1714 1817 ma-

333 1855 430 1910 jor3
479 1853 598 1909 spica
638 1853 860 1905 elongata;
910 1850 1038 1891 flores
1078 1849 1353 1899 ochroleuci‚
1402 1849 1586 1891 subinde
1625 1850 1717 1891 fere

337 1927 438 1970 albi.
498 1926 577 1967 Ph.
609 1926 779 1980 nigrum
810 1931 1036 1976 autorum,
1085 1923 1206 1979 quod
1235 1936 1317 1979 pro
1356 1923 1561 1964 varietate
1591 1921 1717 1978 hujus

336 2001 545 2054 habetur,
575 2000 690 2041 intra
718 1999 823 2040 fines
853 2004 1028 2040 nostros
1057 2003 1281 2054 repertum
1311 1996 1543 2038 nescimus.

397 2155 498 2201 103.
559 2152 926 2196 CAMPANULA.
945 2153 995 2195 L.
1055 2151 1134 2194 RS.
1152 2152 1254 2198 877.
1314 2149 1362 2194 P.
1383 2146 1484 2197 428.
1524 2150 1595 2194 W.
1616 2148 1718 2196 329.

336 2256 400 2311 C.
436 2255 821 2308 rotundisolia.
855 2266 906 2307 L.
966 2262 1048 2304 RS.
1076 2273 1143 2315 17.
1205 2259 1253 2302 P.
1276 2257 1347 2303 13.
1406 2260 1478 2302 W.
1503 2268 1572 2302 12.

421 2347 489 2404 ZC.
520 2355 668 2399 5-9,
727 2355 778 2396 In
817 2353 990 2396 incultis
1030 2351 1206 2408 ubique.
1246 2371 1306 2380 —-
1380 2349 1599 2404 Tempore
1637 2346 1718 2388 flo-

322 2430 462 2478 rendi
501 2430 606 2470 solia
644 2428 851 2470 radicalia
899 2425 1154 2468 reniformia
1202 2422 1360 2478 saepius
1400 2421 1582 2474 desunt,
1642 2434 1719 2461 au-

332 2510 489 2545 tumno
520 2503 790 2557 enascentia3
847 2499 1018 2542 caulina
1058 2496 1509 2539 lineari-lanceolata.
1567 2493 1721 2536 Variat

335 2578 449 2620 foliis
481 2576 812 2631 angustissimis,
841 2572 1102 2617 radicalibus
1131 2568 1397 2612 lanceolatis.
1437 2614 1440 2617 ,

341 2694 405 2748 C.
441 2692 645 2761 patula.
680 2702 731 2742 L.
790 2700 869 2742 RS.
889 2697 961 2744 42.
1021 2697 1069 2739 P.
1090 2696 1161 2741 27.
1222 2696 1294 2738 W.
1315 2685 1387 2739 22.

458 2785 512 2842 ὦ.
535 2773 647 2848 Ζίῖ
687 2800 739 2851 7,
759 2795 800 2841 8.
862 2793 931 2837 Ad
960 2807 1108 2849 sepes,
1149 2793 1261 2843 vias,
1310 2791 1418 2834 locis
1449 2786 1717 2831 subhumidis

338 2876 490 2917 lutosis
520 2874 682 2917 rarior:
714 2867 1019 2926 Sclzasdetzen!
1052 2866 1300 2909 Bentlzez'm!
1339 2866 1543 2922 frequens
1572 2861 1627 2904 ad
1660 2862 1717 2902 ri-
