1784 3328
135 176 221 224 136
615 177 949 223 DECANDRIA.
1008 181 1196 224 PBNTAG.

295 317 375 360 tim
407 316 618 372 dimittam
668 322 742 364 illa
769 335 873 363 vero
904 327 1085 377 propter
1124 320 1341 375 capsulam
1372 320 1493 378 apice
1522 320 1664 363 minus

296 393 513 448 profunde
542 394 721 436 incisam
752 409 801 436 ea
831 395 987 435 diutius
1028 394 1223 434 retineat.
1282 395 1333 434 In
1363 395 1435 435 illa
1466 395 1668 450 panicula

299 481 436 521 usque
466 467 522 507 ad
553 469 718 523 apicem
749 470 838 510 fere
870 468 1372 524 repetito—dichotoma,
1413 469 1590 508 floribus
1623 469 1668 507 in

302 540 565 581 dichotomia
596 542 768 596 positis;
810 543 853 581 in
885 541 965 581 hac
994 542 1194 596 panicula
1223 542 1356 581 semel
1386 548 1458 581 aut
1486 541 1551 581 bis
1572 549 1669 582 tan-

300 620 394 653 tum
425 614 673 654 dichotoma
707 615 870 666 evadit,
901 614 1078 654 floribus
1109 628 1254 654 versus
1275 613 1441 668 apicem
1473 627 1670 654 racemo-

303 687 373 726 sis.
434 687 513 726 Illa
544 688 588 726 in
629 688 837 740 argillosis
870 695 941 727 aut
971 689 1121 727 lutosis
1162 694 1252 726 sata
1284 700 1373 726 non
1402 687 1538 738 viget,
1576 685 1674 727 haec

234 759 236 763 ’
302 759 465 814 ubique
494 762 682 801 laetatur.
743 761 980 800 staminum
1012 767 1154 801 autem
1183 772 1386 799 numerus
1416 759 1463 798 in
1490 767 1675 814 utraque

305 833 443 873 variat
474 847 499 873 a
529 843 551 885 ς
586 834 641 874 ad
672 833 754 888 103
786 835 830 872 in
861 833 942 875 hac
972 835 1128 889 saepius
1159 833 1188 876 S
1217 833 1424 884 vidimus,
1457 833 1575 887 quod
1604 846 1676 873 ra-

277 913 281 916 ’
306 906 395 946 rius
427 906 471 945 in
501 907 587 947 illa.
609 928 668 935 —-
724 907 864 947 Dubia
905 915 1049 948 mente
1080 909 1246 954 ultimae
1277 906 1377 947 huic
1406 907 1565 962 speciei
1595 920 1675 947 ceu

309 979 561 1019 varietatem
593 979 900 1020 subscribimus
930 980 1180 1022 varietatem
1208 968 1278 1043 β,
1321 979 1676 1035 sphaerocarpam

309 1051 438 1091 nohis
468 1052 682 1104 auditam,
712 1066 850 1107 prope
881 1053 1102 1094 Bentlzez'm
1131 1055 1325 1109 locisque
1346 1052 1493 1092 vicinis
1517 1052 1676 1106 degen-

311 1131 427 1176 tem,
469 1124 586 1179 pube
617 1125 773 1176 densa,
813 1125 1004 1181 undique
1035 1126 1320 1180 glandulifera
1349 1124 1560 1177 obsitam,
1601 1138 1678 1165 eo-

311 1197 408 1238 lore
438 1197 589 1239 herbae
619 1198 772 1239 exinde
813 1198 1333 1253 ineano-glaucescente,
1382 1199 1533 1254 petalis
1566 1199 1678 1253 caly-

317 1283 413 1311 cem
443 1274 511 1311 vix
539 1271 863 1326 superantibus,
903 1272 1117 1312 interdum
1159 1274 1233 1314 illo
1264 1271 1527 1323 minoribus,
1555 1270 1681 1325 pedi-

318 1343 437 1384 cellis
469 1346 642 1399 capsula
670 1345 931 1399 subglobosa
960 1346 1028 1386 vix
1058 1346 1190 1402 duplo
1222 1345 1514 1399 longioribus,
1553 1344 1682 1384 semi·

318 1429 424 1457 num
454 1419 646 1472 margine
675 1418 911 1470 undulato,
941 1425 1190 1475 statumque
1220 1419 1408 1474 denique
1439 1417 1684 1469 humiliore,

318 1490 453 1531 denso
475 1521 488 1543 ,
548 1490 794 1532 distinctam
817 1521 830 1545 ,
887 1493 1099 1534 seminum
1123 1492 1307 1550 ‹papillis
1346 1489 1684 1533 fuscescentibus

319 1564 380 1604 illi
414 1564 601 1606 affinem.

160 1671 274 1715 570.
322 1667 374 1717 S.
411 1665 673 1718 lnaxima.
711 1676 715 1679 ’
746 1675 888 1720 lVeihe
918 1675 966 1716 in
997 1676 1084 1717 litt.

408 1746 493 1816 Θ.
525 1765 651 1808 6-8.
682 1765 731 1804 In
754 1765 861 1818 agris
894 1765 1005 1805 inter
1033 1764 1190 1804 Linum
1219 1762 1564 1816 usitatissimum,
1595 1764 1684 1806 for-

323 1853 400 1881 san
433 1853 530 1879 cum
561 1839 793 1880 seminibus
837 1837 961 1892 hujus
1002 1839 1165 1892 plantae
1195 1851 1218 1878 e
1247 1837 1491 1890 regionibus
1529 1837 1686 1879 borea-

321 1913 526 1965 lioribus,
566 1913 639 1952 ubi
670 1912 896 1964 indigena,
937 1910 1129 1951 advecta.
1171 1932 1227 1939 —-
1284 1910 1436 1951 Differt
1466 1926 1490 1952 a
1519 1925 1687 1966 praece-

325 1987 540 2027 dentibus:
575 1988 697 2026 caule
719 1984 920 2034 elatiore,
951 1983 1233 2038 2—3pedali,
1275 1983 1528 2025 internodiis
1559 1986 1690 2036 7-9,

326 2058 469 2113 (unde
500 2072 659 2099 nornen
690 2057 964 2098 vernaculum
997 2053 1317 2112 Nc'egenlsnee),
1367 2057 1565 2112 foliisque
1607 2059 1690 2098 sas-

329 2133 521 2173 ciculatis
555 2131 735 2185 glabris3
771 2130 969 2184 panicula
1000 2129 1078 2169 sub
1111 2129 1275 2170 anthesi
1306 2128 1484 2181 diffusa,
1515 2131 1693 2170 summi-

331 2205 494 2246 tatibus
524 2204 621 2243 Lini
650 2216 728 2258 per
760 2201 967 2243 ambitum
997 2203 1118 2257 pedis
1149 2202 1441 2256 incumbente,
1471 2203 1693 2257 pedicellis

332 2277 633 2333 calycibusque
663 2275 1162 2330 glanduloso-hispidis3
1194 2274 1426 2314 seminibus
1457 2276 1691 2328 angulatis,

328 2349 602 2402 marginatis,
647 2349 816 2404 papillis
847 2348 999 2390 albidis
1030 2348 1312 2404 exasperatis,
1359 2343 1568 2403 3-4plo
1600 2363 1692 2390 ma-

329 2422 507 2478 joribus.

169 2541 285 2587 571.
334 2525 387 2576 S.
421 2522 745 2590 pentandra.
781 2530 831 2572 L,
892 2530 938 2570 p,
962 2530 1004 2574 2,
1035 2529 1109 2572 W,
1131 2530 1173 2573 2·

423 2602 507 2673 Θ.
538 2620 684 2665 4-6.
744 2622 795 2661 In
827 2618 1015 2659 arenosis
1047 2617 1283 2660 sterilibus:
1317 2616 1514 2675 Coesf'elcl
1542 2631 1691 2660 versus

334 2710 491 2752 pagum
523 2694 718 2737 Stevecle!
750 2694 952 2736 Minister·
982 2703 1118 2746 prope
1148 2690 1461 2732 Kinderhaus!
1490 2691 1694 2747 alibique.

335 2791 393 2799 —
452 2769 489 2808 A
528 2767 744 2823 prioribus
783 2766 908 2806 facile
949 2764 1223 2822 distinguitur
1263 2765 1373 2807 foliis
1416 2764 1697 2816 abbreviatis,

336 2841 569 2884 seminibus
599 2840 790 2895 margine
819 2839 1306 2893 lato-membranaceo,
1353 2838 1500 2880 albido
1531 2837 1697 2878 cinctis.
