1784 3328
138 680 255 728 735.

140 1782 255 1828 736.

738 213 1072 260 DIDYNAMJA.
1093 256 1095 258 .
1136 216 1279 260 Gnm.

304 361 381 396 aut
409 356 644 412 purpurei,
685 357 789 398 labii
821 358 1040 400 inferioris
1070 360 1175 402 lobo
1207 359 1356 402 medio
1384 361 1508 417 apice
1537 369 1692 403 rotun-

303 428 435 482 dato,
491 431 934 488 crenulato-crispo,
974 434 1103 481 ,varie
1142 435 1284 495 picto,
1348 434 1524 477 Aestate
1563 437 1698 477 flores

304 503 568 559 plerumque
599 496 871 559 purpureos,
903 513 1115 549 autumno
1146 521 1249 551 vero
1280 508 1468 551 maxima
1498 524 1550 552 ex
1568 517 1696 566 parte

301 576 556 631 pallidiores
589 577 930 621 observavimus.

302 679 371 731 G.
406 676 605 731 bifida.
643 689 792 731 Nobis.

389 759 476 830 Θ.
508 777 660 822 7—9.
724 777 835 818 Cum
867 778 1017 834 priore
1049 782 1150 823 satis
1192 783 1396 838 frequens
1426 781 1605 838 ubique.
1637 803 1695 813 —

300 852 580 894 Praecedenti
609 851 735 893 valde
765 851 932 905 similis,
963 853 1111 896 differt
1139 862 1288 897 tamen
1319 862 1594 897 constanter:
1627 855 1696 896 fo-

300 927 370 968 liis
411 926 504 967 basi
544 925 678 979 magis
718 925 970 981 productis,
1033 930 1200 970 corolla
1249 929 1409 985 saepius
1448 941 1698 985 purpurea,

301 1000 560 1054 graciliore,
591 999 818 1056 praecipue
849 1014 952 1043 vero
984 1001 1090 1042 labii
1122 1003 1340 1045 inferioris
1370 989 1530 1044 lacinia
1559 1002 1696 1044 inter-

300 1074 448 1116 media
480 1074 745 1129 angustiore,
777 1073 902 1129 apice
933 1074 1084 1128 bifida,
1116 1077 1286 1132 postice
1315 1076 1441 1117 lineis
1471 1075 1586 1117 binis
1616 1091 1696 1132 pa-

300 1149 463 1190 ralellis
495 1148 636 1189 aureis
669 1147 814 1202 picta,
855 1148 999 1190 antice
1029 1149 1333 1203 immaculata,
1373 1150 1569 1204 margine
1599 1151 1695 1205 pal-

299 1222 483 1275 lidiore,
535 1229 719 1278 propter
750 1223 888 1263 latera
918 1221 1095 1263 demum
1126 1225 1325 1264 revoluta
1369 1223 1697 1277 angustissima,

299 1310 385 1338 nec
427 1304 477 1337 ut
508 1297 554 1337 in
594 1297 670 1337 illa
710 1296 941 1337 latiuscula
981 1311 1153 1352 semper
1193 1298 1319 1353 apice
1346 1298 1521 1339 reflexa.
1583 1297 1697 1337 Cum

301 1371 358 1411 G.
409 1370 681 1426 pubescente
721 1372 902 1420 Besser,
948 1367 1022 1425 (G.
1079 1372 1325 1414 Walterina
1374 1369 1696 1431 Schlechtend.)

302 1445 426 1485 caule
457 1444 662 1500 foliisque
691 1444 843 1485 subtus
874 1445 1067 1486 molliter
1097 1445 1463 1501 pubescentibus,
1514 1445 1560 1486 in
1590 1457 1696 1499 agro

302 1527 456 1561 nostro
487 1519 686 1561 nondum
718 1518 970 1570 observata,
1002 1520 1265 1561 commutari
1294 1519 1462 1575 nequit.

455 1672 556 1717 261.
621 1673 925 1715 BETONICA.
947 1675 996 1715 L.
1058 1677 1106 1717 P.
1131 1674 1260 1719 1391.
1322 1675 1395 1717 W.
1419 1674 1550 1720 1108.

306 1777 369 1828 B.
410 1776 612 1829 Stricta.
651 1786 804 1828 Aiton.
868 1785 916 1825 P.
942 1783 984 1827 2.
1045 1783 1117 1825 W.
1138 1784 1181 1827 2.

396 1868 464 1925 ZC.
496 1876 643 1920 6-8.
703 1875 754 1916 In
785 1872 1021 1929 sylvaticis,
1061 1872 1231 1927 pascuis
1263 1881 1305 1914 et
1335 1873 1497 1930 pratis,
1535 1875 1695 1930 praeci-

307 1965 396 2008 pue
423 1950 653 1991 calcareis:
686 1950 893 1990 Manster
916 1960 1061 1987 versus
1086 1945 1393 2002 Neuenbergc!
1423 1948 1700 2003 Str-omberg!

315 2023 475 2066 Oelde!
524 2022 741 2065 Beck-um!
770 2042 828 2052 -
889 2021 1033 2074 Quam
1074 2020 1203 2061 amici
1244 2020 1342 2061 heic
1371 2020 1620 2063 indicavere
1650 2023 1696 2062 B.

310 2099 578 2141 officinalem
604 2098 700 2155 ·L.,
760 2095 1013 2136 distinctam
1052 2094 1174 2150 spica
1222 2095 1415 2148 laxiore,
1479 2095 1707 2152 calycibus·

309 2172 497 2227 glabris,
537 2169 841 2221 brevioribus,
872 2169 1048 2210 corollis
1080 2168 1315 2222 elongatis,
1357 2170 1480 2211 caule
1511 2170 1700 2222 minore,

308 2248 354 2286 in
386 2245 598 2286 montosis
631 2243 883 2285 elatioribus
915 2242 1170 2297 degentem,
1201 2243 1319 2299 apud
1348 2257 1429 2284 nos
1459 2244 1590 2300 plane
1620 2243 1699 2283 de-

308 2319 565 2361 sideramus.

443 2473 544 2517 262.
608 2472 936 2514 STACHYS.
967 2473 1017 2514 L.
1080 2474 1128 2514 P.
1154 2471 1280 2517 1392.
1341 2472 1413 2515 W.
1436 2470 1567 2517 1109.

147 2584 261 2628 737.
311 2577 364 2629 S.
402 2573 680 2639 sylvatica.
713 2584 764 2624 L.
823 2584 873 2624 P.
899 2594 938 2627 1.
998 2584 1071 2626 W.
1097 2595 1136 2626 1.

397 2667 465 2723 ᾙ.
499 2673 646 2718 6—-8,
707 2672 759 2712 ln
790 2671 1004 2725 dumetis,
1036 2673 1212 2729 sepibus
1244 2681 1288 2714 et
1316 2672 1570 2715 nemoribus
1600 2671 1698 2713 ubi-

312 2763 398 2806 que
428 2748 630 2803 vulgaris.
659 2768 719 2778 —·
780 2746 906 2786 Odor
936 2747 1102 2802 plantae
1132 2747 1351 2803 ingratus3
1411 2748 1579 2788 corolla
1609 2747 1699 2788 fus-

311 2838 365 2865 co
389 2847 408 2855 -
432 2822 678 2875 sanguinea.
738 2820 891 2862 Variat
919 2818 1165 2872 interdum,
1215 2826 1371 2877 atque,
1407 2820 1472 2862 uti
1502 2819 1703 2871 videtur,

313 2909 409 2953 prae
441 2895 707 2938 insectorum
727 2893 901 2950 injuria,
931 2906 1106 2937 racemo
1138 2907 1265 2937 coma
1293 2895 1450 2937 foliosa
1470 2901 1699 2937 coronato.
