1784 3328
173 198 260 244 130

171 1481 287 1532 550.

170 1975 287 2036 551.

166 2357 282 2403 552.

694 200 1028 245 DECANDRIA.
1087 205 1213 247 Tmo.

338 348 383 383 et
411 353 515 394 nos,
545 354 634 382 non
662 341 805 385 minus
836 357 887 385 ac
918 343 990 384 alii
1019 343 1220 397 aliunde,
1250 344 1436 402 repetita
1455 344 1547 387 vice
1567 357 1707 402 prope

339 416 472 455 Unna
502 422 544 457 et
575 415 734 456 Dz'ssen
765 417 1003 458 invenimus
1037 417 1081 457 in
1112 419 1295 473 capsulis
1328 418 1378 460 A.
1399 419 1608 471 marinae,
1639 435 1706 460 se-

334 490 454 531 mina
482 489 719 543 marginata
746 503 886 545 pauca
926 503 1025 530 cum
1064 491 1259 545 pluribus
1298 492 1607 545 immarginatis
1648 493 1706 533 si-

335 564 428 603 mul
459 561 793 603 continentibus.
852 562 1183 602 Memorandum
1214 577 1387 619 quoque
1416 565 1556 617 venit,
1587 565 1708 620 quod

334 649 473 692 prope
503 634 662 675 Rheine
692 634 804 674 inter
833 635 968 676 millia
996 635 1232 691 specimina
1258 650 1312 677 ne
1332 637 1508 678 unicum
1530 638 1707 693 quidem

334 708 387 750 Α.
417 708 628 758 marinae,
689 716 868 749 econtra
896 722 997 749 vero
1029 722 1168 764 prope
1209 709 1368 751 Dissen
1399 718 1442 751 et
1474 711 1605 751 Unna
1644 713 1708 752 nil

335 782 418 822 nisi
438 781 551 821 hanc
572 779 938 822 observaverimus
952 812 964 833 ‚
996 783 1184 838 exceptis
1203 783 1457 838 paucissillis
1478 784 1706 839 ambiguis,

336 855 392 896 de
423 853 578 909 quibus
609 867 741 908 supra
770 856 1036 896 mentionem
1066 856 1258 896 fecimus.

425 942 532 982 Obs.
592 940 818 984 Arenariae
856 956 989 998 genus
1029 957 1119 986 non
1148 942 1365 988 immerito
1395 959 1422 989 a
1449 946 1703 990 recentiori·

335 1013 418 1057 bus
448 1014 621 1057 dissolvi
651 1015 834 1058 videtur·

626 1215 1417 1270 PENTAGYNIA.

557 1376 659 1420 207.
719 1374 923 1417 SEDUM.
954 1378 1003 1418 L.
1062 1378 1111 1419 P.
1135 1376 1262 1421 1139.
1291 1377 1366 1420 W.
1388 1374 1490 1420 913.

334 1478 388 1531 S.
425 1476 775 1546 Telephium.
811 1487 860 1528 L.
920 1486 968 1528 P.
989 1486 1031 1530 2.
1063 1484 1134 1529 W.
1155 1487 1198 1531 2.

419 1569 487 1626 ᾙ.
517 1576 559 1620 8.
618 1577 668 1616 In
700 1575 884 1617 dumetis
916 1576 1102 1629 vulgare.
1151 1596 1209 1606 —
1267 1575 1417 1616 Flores
1457 1574 1501 1614 in
1532 1579 1702 1615 nostra-

333 1651 449 1693 tibus
489 1664 659 1706 semper
696 1650 810 1691 rosei
850 1657 924 1690 aut
963 1650 1171 1704 purpurei
1186 1647 1215 1700 ‚⁸
1261 1662 1369 1704 quos
1411 1647 1467 1688 ad
1505 1647 1704 1688 Rhenum

336 1738 485 1765 omnes
518 1723 800 1764 ochroleucos
831 1723 1040 1775 vidimus,
1083 1722 1275 1763 caulibus
1305 1722 1432 1761 simul
1461 1719 1700 1761 altioribus.

337 1797 542 1837 Occurrit
571 1796 746 1850 insuper
785 1796 830 1834 in
868 1795 1077 1836 montosis
1122 1795 1326 1836 calcareis
1367 1795 1547 1835 varietas
1579 1795 1702 1835 caule

335 1883 361 1911 a
390 1869 483 1910 basi
513 1880 708 1921 ramoso,
749 1869 862 1910 foliis
892 1869 1195 1921 acutiusculis,
1224 1867 1482 1923 profundius
1512 1867 1702 1908 serratis.

335 1985 387 2037 S.
423 1984 710 2034 reflexum.
746 1994 795 2034 L.
854 1992 902 2034 Ρ.
926 1990 995 2036 17.
1024 1991 1096 2034 W.
1122 1989 1188 2034 13.

417 2074 484 2130 Ζί.
518 2081 569 2134 6,
590 2091 631 2133 7.
691 2080 743 2121 In
771 2081 941 2137 pascuis
983 2080 1106 2122 siccis
1138 2086 1182 2120 et
1211 2076 1456 2132 aggeribus:
1509 2077 1702 2119 Dis'lmen

331 2156 397 2197 bei
424 2155 502 2196 der
534 2155 728 2210 Capelle,
768 2152 845 2195 N.!
887 2153 1080 2196 Rhez'ne!
1124 2151 1315 2193 Greven!
1366 2151 1556 2206 alibique
1586 2151 1702 2192 haud

327 2231 387 2272 ita
417 2230 634 2284 frequens.
665 2249 722 2259 —
770 2228 894 2269 Folia
923 2219 1130 2268 inferiora
1158 2225 1341 2281 reflexa3
1373 2225 1540 2282 calyces
1569 2225 1700 2268 acuti.

330 2347 383 2399 S.
418 2353 685 2412 rupestre.
719 2353 769 2392 L.
828 2349 876 2390 Ρ.
900 2347 969 2391 19.
1001 2349 1073 2390 W.
1096 2347 1167 2391 15.

414 2451 473 2526 β.
505 2455 861 2522 glomeratum
877 2486 892 2514 ,
962 2457 1110 2500 Nobis.

412 2543 481 2600 ZC.
510 2554 553 2596 7.
612 2553 663 2592 In
694 2549 862 2607 pascuis
894 2546 1023 2589 aridis
1055 2543 1111 2586 ad
1139 2544 1254 2600 ripas
1285 2545 1457 2587 Rheni!
1484 2530 1531 2606 β
1560 2544 1605 2585 in
1625 2558 1698 2598 ag-

330 2625 502 2681 geribus
542 2625 746 2681 lapidosis
786 2635 924 2679 prope
955 2619 1208 2662 Bentlzeim!
1251 2627 1295 2661 et
1330 2617 1565 2659 Gildehaus
1585 2618 1604 2659 ,7
1639 2638 1699 2648 —-

328 2700 452 2741 Folia
482 2699 627 2740 omnia
656 2704 827 2752 erecta3
859 2696 1023 2749 calyces
1056 2691 1363 2746 obtusiusculi3
1418 2692 1464 2732 in
1492 2677 1541 2753 β
1569 2690 1697 2731 flores

328 2773 481 2825 aurei,
541 2772 587 2811 in
636 2771 871 2826 capitulum
920 2767 1103 2807 densum
1145 2764 1455 2819 subglobosum
1499 2762 1697 2804 conferti.

328 2845 452 2888 Prius
483 2845 620 2888 variat
648 2844 760 2885 soliis
790 2844 890 2886 laete
920 2838 1126 2881 viridibus
1157 2846 1201 2880 et
1229 2835 1610 2893 glaucescentibus.
