1784 3328
649 160 1064 203 PRAEFATIO.
1605 176 1648 203 xi

86 301 676 366 mentumintulisse,
715 299 1024 354 sedetiam
1061 301 1236 352 multa
1275 302 1479 354 exinde
1507 320 1651 354 erro-

86 424 194 459 nea
232 403 554 472 irrepsisse,
590 412 652 452 ut
689 400 888 463 hodie,
924 400 1069 452 tristi
1106 401 1448 469 expericnlia
1490 403 1652 453 edne-

87 505 169 569 si,
237 503 470 555 nonnisi
516 500 690 552 dubia
738 510 930 551 mente
977 500 1180 566 plantae
1218 501 1311 550 vel
1355 499 1651 569 vulgatiori

87 621 467 672 synonymum
502 600 736 669 alicsuod
769 597 1122 650 subscribere
1160 599 1486 651 audeamus-

191 787 285 838 Ad
320 785 498 837 finem
531 780 870 834 Tetrandriae
908 799 1090 851 usque
1128 780 1298 830 duces
1348 779 1652 832 habuimus

91 888 216 939 clss.
258 886 497 936 Merte‘ns
532 892 584 935 et
622 881 799 948 Koch,
855 899 1099 950 (suorum
1151 898 1295 948 opus
1342 880 1651 944 eximium,

91 984 252 1039 omni
297 981 562 1035 botanico
618 980 865 1033 maxime
913 979 1331 1042 necessarium,
1392 981 1652 1032 nondum

90 1085 414 1137 absolutum
451 1099 601 1141 csse,
640 1098 915 1148 perquam
952 1080 1228 1130 dolemus.
1309 1079 1377 1129 In
1415 1097 1655 1148 sequen-

88 1185 241 1235 tibus
277 1200 410 1232 vero
452 1178 756 1242 classibus,
809 1179 955 1229 nulli
990 1196 1214 1247 prorsus
1256 1178 1522 1249 magistro
1561 1182 1654 1232 ad-

89 1282 255 1345 dicti,
325 1299 355 1332 e
391 1277 557 1330 variis
607 1277 926 1329 auctoribus
977 1296 1040 1328 ea
1090 1276 1152 1328 in
1193 1296 1361 1328 usum
1396 1290 1653 1332 nostrum

89 1389 411 1434 convertere
448 1376 787 1439 studuimus,
826 1395 947 1446 (suae
987 1396 1016 1428 e
1053 1396 1111 1428 re
1149 1396 1270 1429 csse
1295 1376 1652 1441 videbantur,

89 1498 279 1549 neque
317 1476 634 1546 antiquiora
668 1474 1078 1542 vituperantes,
1145 1494 1335 1544 neque
1379 1479 1654 1531 recentio-

91 1599 183 1644 ra,
220 1575 507 1646 siquidem
543 1572 807 1636 meliora,
844 1584 1190 1641 respuentes,

195 1758 440 1812 Reddita
477 1755 692 1808 ratione
730 1754 800 1806 de
838 1773 936 1818 cO,
996 1755 1152 1825 quod
1195 1768 1452 1825 proestarc
1491 1758 1654 1812 suda-

94 1860 311 1922 vimus,
368 1865 650 1925 superest,
707 1864 770 1905 ut
806 1852 1002 1905 amIcis
1037 1855 1456 1923 botanophilis,
1515 1876 1653 1926 quo-

92 1977 222 2012 rum
258 1955 467 2009 auxilio
503 1953 565 2005 in
616 1952 958 2005 elaborando
1009 1954 1115 2004 hoc
1167 1956 1438 2022 opusculo
1475 1956 1651 2027 gavisi

91 2075 319 2120 sumus,
375 2054 573 2126 gratias
611 2053 996 2121 persolvamus
1033 2053 1320 2121 publicaS,
1387 2064 1448 2105 ut
1484 2073 1651 2105 suum

90 2155 297 2224 cuique
335 2153 602 2204 meritum
639 2168 887 2217 suusque
924 2151 1100 2203 honos
1137 2151 1428 2204 tribuatur.
1499 2155 1653 2205 Non-

88 2257 376 2307 nullorum
411 2250 674 2312 nomina,
739 2247 929 2299 minus
965 2249 1291 2319 frequenter
1324 2252 1614 2303 redeuntia
1636 2291 1650 2316 ,

88 2352 424 2405 immutilata
464 2350 526 2401 in
575 2347 774 2399 libello
823 2346 946 2415 ipso
990 2347 1279 2414 invenios3
1340 2361 1653 2418 sequuntur

87 2461 278 2503 autem
345 2449 599 2515 symbola
661 2445 1014 2515 nominaque
1072 2446 1298 2499 illorum
1321 2487 1336 2511 ,
1409 2467 1651 2517 quorum

88 2548 290 2619 saepius
327 2546 543 2600 mentio
576 2546 719 2598 sacta
755 2555 854 2598 est.

192 2715 263 2767 A.
298 2744 365 2752 —
433 2711 671 2782 Aschoff,
708 2711 895 2773 filius,
945 2712 1374 2779 pharmacopola
1414 2711 1552 2763 olim
1591 2710 1651 2763 in

98 2811 391 2882 Bieleseld,
445 2830 597 2864 nunc
635 2811 695 2864 in
733 2809 1003 2879 Herford,
1059 2810 1158 2879 qui
1206 2811 1410 2860 lubens
1447 2810 1651 2863 littera-
