1784 3328
107 521 224 569 239.

109 1427 227 1478 240.

113 2862 229 2912 242.

567 193 948 240 PENTANDRIA.
1008 194 1187 239 Moneo.
1603 193 1659 237 57

263 340 360 385 basi
391 338 659 395 subglobosi
690 337 865 379 laciniis
896 335 1116 378 trinerviis
1148 334 1340 389 obtusis,
1374 336 1487 378 foliis
1521 334 1657 378 oblon

271 414 584 472 go-obovatis.
647 411 954 466 Congenerum
986 416 1232 452 nostratum
1263 411 1502 464 paucissora
1532 418 1609 452 est.

269 519 351 571 M.
386 515 706 569 versicolor.
743 522 876 567 Roth.
937 521 1016 562 RS.
1039 519 1110 564 12.

267 627 329 670 M.
362 625 553 668 arvensis
582 623 627 682 Ὑ
657 621 911 664 versicolor.
972 618 1094 658 Per-s.
1157 613 1206 656 P.
1226 613 1315 673 27·

358 695 445 767 Θ.
477 714 627 757 5—7.
687 711 739 751 In
771 710 882 763 agris
915 714 958 749 et
989 707 1125 758 arvis,
1156 703 1405 760 praesertim
1434 700 1662 754 sabulosis,

269 790 503 846 frequens,
553 801 637 829 nec
668 799 759 826 non
790 785 834 824 in
865 782 1036 838 pascuis
1079 777 1423 819 humidiuseulis.
1455 798 1515 806 --
1576 776 1659 815 11:2-

270 865 387 907 bitus
418 864 477 904 M.
510 861 725 912 arvensis,
775 872 800 898 a
831 871 917 912 qua
948 869 1050 897 vero
1083 852 1200 895 haud
1243 864 1360 905 aegre
1401 850 1663 890 discernitur

271 939 448 981 corollis
479 937 631 988 luteis,
663 940 763 990 post
793 931 992 973 anthesin
1024 927 1250 977 violaceis,
1300 933 1349 966 ut
1378 938 1551 980 semper
1583 924 1661 964 sso-

269 1013 391 1055 ribus
443 1010 601 1052 diversi
643 1007 803 1049 coloris
844 1007 898 1046 sit
940 1011 1119 1055 ornata,
1180 1013 1369 1056 quorum
1417 1000 1662 1054 superiores

269 1088 407 1130 erecti
436 1086 567 1138 lutei,
620 1082 768 1125 cernui
810 1093 914 1121 vero
958 1077 1135 1120 violacei
1174 1081 1288 1116 sunt.
1350 1073 1502 1115 Variat
1541 1074 1664 1115 caule

271 1161 542 1218 suhsimplici
573 1166 704 1215 atque
736 1171 762 1198 a
790 1154 884 1196 basi
915 1153 1016 1195 inde
1048 1149 1357 1194 ramosissimo.

495 1314 569 1359 83.
629 1313 664 1354 Ε
678 1311 712 1353 C
724 1309 839 1352 HIN
852 1308 890 1349 O
904 1307 931 1348 S
943 1307 976 1348 P
990 1305 1248 1349 ERMUM.
1311 1303 1553 1349 Lehmann.

273 1420 337 1472 E.
372 1417 648 1486 Lappula.
685 1425 927 1468 Lehmann.

272 1520 480 1575 Myosotis
509 1518 721 1574 Lappula.
750 1515 802 1555 L.
861 1512 910 1554 Ρ.
931 1507 1044 1564 349,
1067 1504 1138 1555 14.
1198 1508 1270 1551 W.
1292 1508 1403 1562 275,
1423 1507 1466 1552 8.

271 1608 478 1651 Rochelia
507 1606 719 1662 Lappula.
782 1604 904 1645 Riim.
937 1610 978 1642 et
1009 1599 1108 1642 Sch.
1169 1599 1248 1640 RS.
1280 1593 1390 1650 645,
1422 1596 1464 1640 6.

362 1676 447 1748 Θ.
480 1695 532 1747 6,
554 1696 595 1738 7.
637 1694 686 1734 In
718 1692 923 1749 lapidosis
946 1690 1157 1732 montosis
1189 1696 1232 1729 et
1254 1687 1492 1728 ruderatis:
1524 1699 1664 1743 prope

275 1769 489 1826 Bz'elqseld
517 1769 633 1810 haud
665 1769 896 1823 frequens,
928 1764 979 1805 A.
1011 1785 1069 1793 —
1131 1762 1310 1804 Corolla
1331 1763 1522 1803 coerulea
1541 1762 1664 1817 M)o-

273 1843 450 1900 sotidis3
483 1845 647 1885 semina
677 1841 838 1884 aculeis
869 1836 1142 1894 glochidiatis
1175 1843 1356 1879 armata.

349 1997 423 2045 84.
483 1995 822 2042 ANAGALLIS.
842 1995 893 2035 1..
938 1993 1016 2034 Rs.
1042 1990 1144 2046 652.
1184 1991 1233 2034 P.
1256 1989 1358 2035 391.
1399 1991 1470 2035 w.
1494 1989 1596 2036 306.

213 2136 226 2151 .
273 2102 342 2155 A.
378 2102 641 2154 arvensis.
675 2112 725 2153 L.
786 2111 835 2151 P.
858 2109 899 2154 1.
959 2107 1032 2151 W.
1059 2093 1149 2170 1β.

273 2202 324 2245 A.
358 2204 600 2260 phoenicca.
665 2201 895 2244 Latum-ek.
959 2199 1037 2239 RS,
1064 2195 1105 2240 1.

355 2263 421 2339 β.
464 2269 529 2320 A.
566 2284 780 2326 carnea,
845 2280 998 2323 Nobis.

361 2355 448 2427 Θ.
481 2371 631 2417 6—9.
692 2371 742 2411 In
774 2371 926 2422 cultis,
958 2367 1083 2423 agris,
1114 2366 1225 2409 arvis
1256 2365 1418 2422 ubique
1449 2364 1550 2406 satis
1583 2363 1667 2406 sre-

275 2463 426 2508 quens.
458 2469 518 2479 --·
577 2446 724 2487 petala
757 2445 964 2495 miniata,
997 2443 1121 2498 apice
1153 2442 1308 2483 obtuse
1328 2447 1516 2491 serrata,
1548 2441 1669 2492 glan-

275 2526 388 2566 dulis
427 2521 695 2580 pedicellalis
736 2520 891 2560 cilium.
963 2517 1161 2558 Vax-ictas
1192 2502 1264 2578 β,
1326 2515 1459 2554 semel
1502 2520 1669 2553 tantum

275 2612 415 2655 prope
456 2596 591 2639 nasot
633 2595 769 2643 lecta,
822 2594 863 2632 in
907 2591 1118 2633 montosis
1161 2589 1366 2631 cah-areis
1411 2586 1489 2627 det·
1534 2583 1671 2641 lambi

277 2672 506 2726 frequens,
539 2683 625 2709 non
662 2668 740 2707 nisi
773 2667 924 2722 petalis
958 2664 1128 2707 ‹earm-is
1151 2664 1322 2716 differt,
1355 2663 1500 2703 forsan
1523 2661 1670 2717 proles

279 2743 462 2799 hybrida
492 2758 542 2785 ex
575 2741 656 2784 hac
686 2749 729 2782 et
759 2748 982 2797 sequente.

279 2860 347 2913 Α.
386 2860 637 2912 coerulea.
673 2871 893 2914 Schrcbcr.
957 2871 1034 2912 RS.
1061 2879 1100 2922 3.
1165 2869 1210 2908 P.
1233 2867 1274 2910 2.
1339 2862 1407 2905 W.
1431 2863 1518 2908 ioe·
