<?xml version="1.0" encoding="UTF-8"?>
<!DOCTYPE html PUBLIC "-//W3C//DTD XHTML 1.0 Transitional//EN"
    "http://www.w3.org/TR/xhtml1/DTD/xhtml1-transitional.dtd">
<html xmlns="http://www.w3.org/1999/xhtml" xml:lang="en" lang="en">
 <head>
  <title>
</title>
<meta http-equiv="Content-Type" content="text/html;charset=utf-8" />
  <meta name='ocr-system' content='tesseract 3.04.00' />
  <meta name='ocr-capabilities' content='ocr_page ocr_carea ocr_par ocr_line ocrx_word'/>
</head>
<body>
  <div class='ocr_page' id='page_1' title='image "./prodromusfloraem00bnni/prodromusfloraem00bnni_0030.png"; bbox 0 0 1784 3328; ppageno 0'>
   <div class='ocr_carea' id='block_1_1' title="bbox 156 1080 237 1124">
    <p class='ocr_par' dir='ltr' id='par_1_1' title="bbox 156 1080 237 1124">
     <span class='ocr_line' id='line_1_1' title="bbox 156 1080 237 1124; baseline -0.025 0"><span class='ocrx_word' id='word_1_1' title='bbox 156 1080 237 1124; x_wconf 85' lang='lat'><strong>39.</strong></span> 
     </span>
    </p>
   </div>
   <div class='ocr_carea' id='block_1_2' title="bbox 157 1410 238 1459">
    <p class='ocr_par' dir='ltr' id='par_1_2' title="bbox 157 1410 238 1459">
     <span class='ocr_line' id='line_1_2' title="bbox 157 1410 238 1459; baseline -0.025 0"><span class='ocrx_word' id='word_1_2' title='bbox 157 1410 238 1459; x_wconf 84' lang='lat'>40.</span> 
     </span>
    </p>
   </div>
   <div class='ocr_carea' id='block_1_3' title="bbox 164 2276 248 2324">
    <p class='ocr_par' dir='ltr' id='par_1_3' title="bbox 164 2276 248 2324">
     <span class='ocr_line' id='line_1_3' title="bbox 164 2276 248 2324; baseline -0.036 0"><span class='ocrx_word' id='word_1_3' title='bbox 164 2276 248 2324; x_wconf 80' lang='lat'><strong>41.</strong></span> 
     </span>
    </p>
   </div>
   <div class='ocr_carea' id='block_1_4' title="bbox 728 385 1218 429">
    <p class='ocr_par' dir='ltr' id='par_1_4' title="bbox 728 385 1218 429">
     <span class='ocr_line' id='line_1_4' title="bbox 728 385 1218 429; baseline -0.002 0"><span class='ocrx_word' id='word_1_4' title='bbox 728 385 1066 429; x_wconf 90' lang='lat' dir='ltr'>CLASSIS</span> <span class='ocrx_word' id='word_1_5' title='bbox 1122 385 1218 428; x_wconf 89' lang='lat'><strong>111.</strong></span> 
     </span>
    </p>
   </div>
   <div class='ocr_carea' id='block_1_5' title="bbox 370 530 1563 603">
    <p class='ocr_par' dir='ltr' id='par_1_5' title="bbox 370 530 1563 603">
     <span class='ocr_line' id='line_1_5' title="bbox 370 530 1563 603; baseline -0.004 0"><span class='ocrx_word' id='word_1_6' title='bbox 370 530 1563 603; x_wconf 80' lang='lat' dir='ltr'><strong>TRIANDRIA.</strong></span> 
     </span>
    </p>
   </div>
   <div class='ocr_carea' id='block_1_6' title="bbox 602 706 1341 763">
    <p class='ocr_par' dir='ltr' id='par_1_6' title="bbox 602 706 1341 763">
     <span class='ocr_line' id='line_1_6' title="bbox 602 706 1341 763; baseline -0.004 0"><span class='ocrx_word' id='word_1_7' title='bbox 602 706 1341 763; x_wconf 82' lang='lat' dir='ltr'><strong>MONOGYNIA.</strong></span> 
     </span>
    </p>
   </div>
   <div class='ocr_carea' id='block_1_7' title="bbox 283 971 1592 1134">
    <p class='ocr_par' dir='ltr' id='par_1_7' title="bbox 283 971 1592 1134">
     <span class='ocr_line' id='line_1_7' title="bbox 359 971 1592 1023; baseline -0.007 -1"><span class='ocrx_word' id='word_1_8' title='bbox 359 978 431 1023; x_wconf 87' lang='lat'><strong>15.</strong></span> <span class='ocrx_word' id='word_1_9' title='bbox 470 977 885 1021; x_wconf 81' lang='lat' dir='ltr'><strong>VALERIANA.</strong></span> <span class='ocrx_word' id='word_1_10' title='bbox 928 977 978 1018; x_wconf 87' lang='lat' dir='ltr'>L.</span> <span class='ocrx_word' id='word_1_11' title='bbox 1011 977 1094 1019; x_wconf 81' lang='lat' dir='ltr'>RS.</span> <span class='ocrx_word' id='word_1_12' title='bbox 1121 975 1219 1020; x_wconf 83' lang='grc'><strong>119.</strong></span> <span class='ocrx_word' id='word_1_13' title='bbox 1252 976 1303 1017; x_wconf 88' lang='grc' dir='ltr'>Ρ.</span> <span class='ocrx_word' id='word_1_14' title='bbox 1326 974 1397 1019; x_wconf 83' lang='grc'>77.</span> <span class='ocrx_word' id='word_1_15' title='bbox 1428 971 1499 1016; x_wconf 88' lang='lat' dir='ltr'><strong>W.</strong></span> <span class='ocrx_word' id='word_1_16' title='bbox 1520 971 1592 1017; x_wconf 82' lang='lat'><strong>75.</strong></span> 
     </span>
     <span class='ocr_line' id='line_1_8' title="bbox 283 1081 1398 1134; baseline -0.006 -2"><span class='ocrx_word' id='word_1_17' title='bbox 283 1081 355 1134; x_wconf 89' lang='lat' dir='ltr'>V.</span> <span class='ocrx_word' id='word_1_18' title='bbox 391 1081 705 1134; x_wconf 79' lang='lat' dir='ltr'>officinalis.</span> <span class='ocrx_word' id='word_1_19' title='bbox 779 1087 828 1128; x_wconf 92' lang='lat' dir='ltr'>L.</span> <span class='ocrx_word' id='word_1_20' title='bbox 861 1088 944 1129; x_wconf 78' lang='lat' dir='ltr'>RS.</span> <span class='ocrx_word' id='word_1_21' title='bbox 970 1085 1039 1130; x_wconf 86' lang='lat'>12.</span> <span class='ocrx_word' id='word_1_22' title='bbox 1084 1088 1134 1128; x_wconf 89' lang='lat' dir='ltr'>P.</span> <span class='ocrx_word' id='word_1_23' title='bbox 1159 1085 1229 1129; x_wconf 89' lang='grc'>17.</span> <span class='ocrx_word' id='word_1_24' title='bbox 1259 1085 1331 1126; x_wconf 89' lang='lat' dir='ltr'>W.</span> <span class='ocrx_word' id='word_1_25' title='bbox 1357 1084 1398 1127; x_wconf 89' lang='grc'>6.</span> 
     </span>
    </p>
   </div>
   <div class='ocr_carea' id='block_1_8' title="bbox 285 1167 1662 1378">
    <p class='ocr_par' dir='ltr' id='par_1_8' title="bbox 285 1167 1662 1378">
     <span class='ocr_line' id='line_1_9' title="bbox 366 1167 1662 1228; baseline -0.002 -14"><span class='ocrx_word' id='word_1_26' title='bbox 366 1167 438 1224; x_wconf 52' lang='lat' dir='ltr'>Z·</span> <span class='ocrx_word' id='word_1_27' title='bbox 509 1176 536 1218; x_wconf 87' lang='grc'>6</span> <span class='ocrx_word' id='word_1_28' title='bbox 550 1206 561 1228; x_wconf 71' lang='grc'>,</span> <span class='ocrx_word' id='word_1_29' title='bbox 591 1177 632 1218; x_wconf 85' lang='grc'>7.</span> <span class='ocrx_word' id='word_1_30' title='bbox 691 1175 742 1214; x_wconf 88' lang='lat' dir='ltr'>In</span> <span class='ocrx_word' id='word_1_31' title='bbox 764 1174 947 1215; x_wconf 76' lang='lat' dir='ltr'>dumetis</span> <span class='ocrx_word' id='word_1_32' title='bbox 969 1174 1154 1215; x_wconf 79' lang='lat' dir='ltr'><strong>humidis</strong></span> <span class='ocrx_word' id='word_1_33' title='bbox 1169 1204 1181 1225; x_wconf 88' lang='lat'><strong>.‚</strong></span> <span class='ocrx_word' id='word_1_34' title='bbox 1222 1173 1277 1214; x_wconf 85' lang='lat' dir='ltr'>ad</span> <span class='ocrx_word' id='word_1_35' title='bbox 1298 1173 1432 1214; x_wconf 85' lang='lat' dir='ltr'>fossas</span> <span class='ocrx_word' id='word_1_36' title='bbox 1452 1172 1662 1225; x_wconf 84' lang='lat' dir='ltr'>vulgaris;</span> 
     </span>
     <span class='ocr_line' id='line_1_10' title="bbox 285 1247 1662 1306; baseline -0.004 -14"><span class='ocrx_word' id='word_1_37' title='bbox 285 1251 423 1293; x_wconf 82' lang='lat' dir='ltr'>rarius</span> <span class='ocrx_word' id='word_1_38' title='bbox 455 1250 572 1306; x_wconf 78' lang='lat' dir='ltr'>apud</span> <span class='ocrx_word' id='word_1_39' title='bbox 603 1264 682 1289; x_wconf 84' lang='lat' dir='ltr'>nos</span> <span class='ocrx_word' id='word_1_40' title='bbox 715 1249 905 1289; x_wconf 80' lang='lat' dir='ltr'>occurrit</span> <span class='ocrx_word' id='word_1_41' title='bbox 935 1249 979 1288; x_wconf 87' lang='lat' dir='ltr'>in</span> <span class='ocrx_word' id='word_1_42' title='bbox 1001 1249 1148 1299; x_wconf 79' lang='lat' dir='ltr'>siccis,</span> <span class='ocrx_word' id='word_1_43' title='bbox 1178 1254 1342 1288; x_wconf 78' lang='lat' dir='ltr'>statura</span> <span class='ocrx_word' id='word_1_44' title='bbox 1360 1247 1555 1299; x_wconf 81' lang='lat' dir='ltr'>minore,</span> <span class='ocrx_word' id='word_1_45' title='bbox 1595 1247 1662 1287; x_wconf 86' lang='lat' dir='ltr'>so-</span> 
     </span>
     <span class='ocr_line' id='line_1_11' title="bbox 287 1322 1161 1378; baseline -0.002 -14"><span class='ocrx_word' id='word_1_46' title='bbox 287 1326 398 1365; x_wconf 85' lang='lat' dir='ltr'>liolis</span> <span class='ocrx_word' id='word_1_47' title='bbox 422 1322 738 1378; x_wconf 70' lang='lat' dir='ltr'>angustioribus</span> <span class='ocrx_word' id='word_1_48' title='bbox 754 1352 766 1374; x_wconf 80' lang='lat'>,</span> <span class='ocrx_word' id='word_1_49' title='bbox 796 1322 930 1363; x_wconf 81' lang='lat' dir='ltr'>odore</span> <span class='ocrx_word' id='word_1_50' title='bbox 953 1323 1161 1375; x_wconf 82' lang='lat' dir='ltr'>graviore.</span> 
     </span>
    </p>
   </div>
   <div class='ocr_carea' id='block_1_9' title="bbox 289 1409 1281 1464">
    <p class='ocr_par' dir='ltr' id='par_1_9' title="bbox 289 1409 1281 1464">
     <span class='ocr_line' id='line_1_12' title="bbox 289 1409 1281 1464; baseline -0.009 -2"><span class='ocrx_word' id='word_1_51' title='bbox 289 1413 360 1464; x_wconf 90' lang='lat' dir='ltr'>V.</span> <span class='ocrx_word' id='word_1_52' title='bbox 397 1409 802 1461; x_wconf 75' lang='lat' dir='ltr'>sambucifolia.</span> <span class='ocrx_word' id='word_1_53' title='bbox 871 1416 1043 1457; x_wconf 56' lang='lat' dir='ltr'>Mz‘lcczn.</span> <span class='ocrx_word' id='word_1_54' title='bbox 1102 1416 1186 1457; x_wconf 82' lang='lat' dir='ltr'>RS.</span> <span class='ocrx_word' id='word_1_55' title='bbox 1211 1412 1281 1456; x_wconf 82' lang='lat'><strong>13.</strong></span> 
     </span>
    </p>
   </div>
   <div class='ocr_carea' id='block_1_10' title="bbox 288 1511 1673 2103">
    <p class='ocr_par' dir='ltr' id='par_1_10' title="bbox 288 1511 1668 2014">
     <span class='ocr_line' id='line_1_13' title="bbox 371 1511 1664 1570; baseline -0.002 -13"><span class='ocrx_word' id='word_1_56' title='bbox 371 1511 443 1567; x_wconf 58' lang='lat' dir='ltr'>zl-</span> <span class='ocrx_word' id='word_1_57' title='bbox 506 1518 653 1562; x_wconf 79' lang='grc'><strong>6-8.</strong></span> <span class='ocrx_word' id='word_1_58' title='bbox 686 1517 813 1557; x_wconf 84' lang='lat' dir='ltr'>Locis</span> <span class='ocrx_word' id='word_1_59' title='bbox 835 1517 1055 1570; x_wconf 83' lang='lat' dir='ltr'>uliginosis</span> <span class='ocrx_word' id='word_1_60' title='bbox 1077 1516 1374 1558; x_wconf 84' lang='lat' dir='ltr'>subumbrosis</span> <span class='ocrx_word' id='word_1_61' title='bbox 1388 1546 1400 1568; x_wconf 86' lang='lat'>‚</span> <span class='ocrx_word' id='word_1_62' title='bbox 1430 1515 1486 1556; x_wconf 86' lang='lat' dir='ltr'>ad</span> <span class='ocrx_word' id='word_1_63' title='bbox 1506 1515 1664 1569; x_wconf 82' lang='lat' dir='ltr'>margi-</span> 
     </span>
     <span class='ocr_line' id='line_1_14' title="bbox 288 1589 1665 1647; baseline -0.005 -11"><span class='ocrx_word' id='word_1_64' title='bbox 288 1609 365 1636; x_wconf 80' lang='lat' dir='ltr'>nes</span> <span class='ocrx_word' id='word_1_65' title='bbox 397 1594 611 1634; x_wconf 85' lang='lat' dir='ltr'>fossarum</span> <span class='ocrx_word' id='word_1_66' title='bbox 649 1592 832 1647; x_wconf 77' lang='lat' dir='ltr'>passim,</span> <span class='ocrx_word' id='word_1_67' title='bbox 883 1591 1105 1646; x_wconf 81' lang='lat' dir='ltr'>praecipue</span> <span class='ocrx_word' id='word_1_68' title='bbox 1135 1591 1179 1629; x_wconf 91' lang='lat' dir='ltr'>in</span> <span class='ocrx_word' id='word_1_69' title='bbox 1210 1589 1458 1643; x_wconf 78' lang='lat' dir='ltr'>regionibus</span> <span class='ocrx_word' id='word_1_70' title='bbox 1488 1589 1665 1629; x_wconf 84' lang='lat' dir='ltr'>turfosis</span> 
     </span>
     <span class='ocr_line' id='line_1_15' title="bbox 290 1662 1667 1716; baseline -0.004 -8"><span class='ocrx_word' id='word_1_71' title='bbox 290 1682 381 1709; x_wconf 90' lang='lat' dir='ltr'>non</span> <span class='ocrx_word' id='word_1_72' title='bbox 401 1681 512 1708; x_wconf 84' lang='lat' dir='ltr'>rara.</span> <span class='ocrx_word' id='word_1_73' title='bbox 553 1689 611 1696; x_wconf 95' lang='lat'>-—-</span> <span class='ocrx_word' id='word_1_74' title='bbox 659 1665 930 1706; x_wconf 81' lang='lat' dir='ltr'>Praecedenti</span> <span class='ocrx_word' id='word_1_75' title='bbox 957 1665 1121 1716; x_wconf 75' lang='lat' dir='ltr'>affinis,</span> <span class='ocrx_word' id='word_1_76' title='bbox 1161 1664 1310 1704; x_wconf 76' lang='lat' dir='ltr'>differt</span> <span class='ocrx_word' id='word_1_77' title='bbox 1331 1677 1433 1704; x_wconf 84' lang='lat' dir='ltr'>vero</span> <span class='ocrx_word' id='word_1_78' title='bbox 1456 1665 1578 1704; x_wconf 83' lang='lat' dir='ltr'>caule</span> <span class='ocrx_word' id='word_1_79' title='bbox 1609 1662 1667 1703; x_wconf 82' lang='lat' dir='ltr'>ad</span> 
     </span>
     <span class='ocr_line' id='line_1_16' title="bbox 290 1736 1666 1792; baseline -0.004 -11"><span class='ocrx_word' id='word_1_80' title='bbox 290 1742 415 1783; x_wconf 79' lang='lat' dir='ltr'>basin</span> <span class='ocrx_word' id='word_1_81' title='bbox 446 1748 630 1781; x_wconf 77' lang='lat' dir='ltr'><strong>teretem</strong></span> <span class='ocrx_word' id='word_1_82' title='bbox 657 1746 828 1780; x_wconf 73' lang='lat' dir='ltr'>‘tantum</span> <span class='ocrx_word' id='word_1_83' title='bbox 858 1738 1053 1792; x_wconf 75' lang='lat' dir='ltr'>hispido,</span> <span class='ocrx_word' id='word_1_84' title='bbox 1086 1738 1197 1778; x_wconf 83' lang='lat' dir='ltr'>soliis</span> <span class='ocrx_word' id='word_1_85' title='bbox 1227 1737 1488 1778; x_wconf 82' lang='lat' dir='ltr'>radicalibus</span> <span class='ocrx_word' id='word_1_86' title='bbox 1518 1736 1666 1791; x_wconf 84' lang='lat' dir='ltr'>3pari-</span> 
     </span>
     <span class='ocr_line' id='line_1_17' title="bbox 290 1811 1663 1867; baseline -0.004 -13"><span class='ocrx_word' id='word_1_87' title='bbox 290 1815 398 1865; x_wconf 68' lang='lat' dir='ltr'>bus,</span> <span class='ocrx_word' id='word_1_88' title='bbox 438 1828 519 1854; x_wconf 86' lang='lat' dir='ltr'>nec</span> <span class='ocrx_word' id='word_1_89' title='bbox 539 1812 670 1856; x_wconf 79' lang='grc'>8-9</span> <span class='ocrx_word' id='word_1_90' title='bbox 691 1813 893 1867; x_wconf 74' lang='lat' dir='ltr'>paribus,</span> <span class='ocrx_word' id='word_1_91' title='bbox 935 1813 1090 1852; x_wconf 80' lang='lat' dir='ltr'>foliolis</span> <span class='ocrx_word' id='word_1_92' title='bbox 1122 1812 1212 1851; x_wconf 85' lang='lat' dir='ltr'>basi</span> <span class='ocrx_word' id='word_1_93' title='bbox 1244 1811 1564 1865; x_wconf 81' lang='lat' dir='ltr'>inaequalibus,</span> <span class='ocrx_word' id='word_1_94' title='bbox 1600 1812 1663 1849; x_wconf 90' lang='lat' dir='ltr'>la-</span> 
     </span>
     <span class='ocr_line' id='line_1_18' title="bbox 289 1883 1668 1940; baseline -0.002 -12"><span class='ocrx_word' id='word_1_95' title='bbox 289 1888 500 1938; x_wconf 76' lang='lat' dir='ltr'>tim-ihus,</span> <span class='ocrx_word' id='word_1_96' title='bbox 541 1900 686 1940; x_wconf 82' lang='lat' dir='ltr'>grosse</span> <span class='ocrx_word' id='word_1_97' title='bbox 719 1887 931 1937; x_wconf 78' lang='lat' dir='ltr'>dentatis,</span> <span class='ocrx_word' id='word_1_98' title='bbox 980 1899 1166 1940; x_wconf 80' lang='lat' dir='ltr'><strong>superne</strong></span> <span class='ocrx_word' id='word_1_99' title='bbox 1196 1884 1380 1938; x_wconf 78' lang='lat' dir='ltr'>glabris,</span> <span class='ocrx_word' id='word_1_100' title='bbox 1428 1884 1580 1925; x_wconf 84' lang='lat' dir='ltr'><strong>subtus</strong></span> <span class='ocrx_word' id='word_1_101' title='bbox 1609 1883 1668 1925; x_wconf 86' lang='lat' dir='ltr'>ad</span> 
     </span>
     <span class='ocr_line' id='line_1_19' title="bbox 291 1960 1024 2014; baseline -0.003 -13"><span class='ocrx_word' id='word_1_102' title='bbox 291 1975 447 2001; x_wconf 71' lang='lat' dir='ltr'>nervos</span> <span class='ocrx_word' id='word_1_103' title='bbox 469 1967 511 2001; x_wconf 80' lang='lat' dir='ltr'>et</span> <span class='ocrx_word' id='word_1_104' title='bbox 532 1961 588 2000; x_wconf 84' lang='lat' dir='ltr'>ad</span> <span class='ocrx_word' id='word_1_105' title='bbox 608 1961 842 2014; x_wconf 81' lang='lat' dir='ltr'>marginem</span> <span class='ocrx_word' id='word_1_106' title='bbox 863 1960 1024 2014; x_wconf 83' lang='lat' dir='ltr'>pilosis.</span> 
     </span>
    </p>

    <p class='ocr_par' dir='ltr' id='par_1_11' title="bbox 356 2047 1673 2103">
     <span class='ocr_line' id='line_1_20' title="bbox 356 2047 1673 2103; baseline -0.001 -13"><span class='ocrx_word' id='word_1_107' title='bbox 356 2050 463 2090; x_wconf 78' lang='lat' dir='ltr'><strong>Obs.</strong></span> <span class='ocrx_word' id='word_1_108' title='bbox 492 2048 546 2089; x_wconf 78' lang='lat' dir='ltr'>V.</span> <span class='ocrx_word' id='word_1_109' title='bbox 568 2048 662 2088; x_wconf 89' lang='lat' dir='ltr'>Phu</span> <span class='ocrx_word' id='word_1_110' title='bbox 672 2050 719 2088; x_wconf 89' lang='lat' dir='ltr'>L.</span> <span class='ocrx_word' id='word_1_111' title='bbox 733 2079 746 2101; x_wconf 73' lang='lat'><em>‚</em></span> <span class='ocrx_word' id='word_1_112' title='bbox 760 2050 863 2088; x_wconf 83' lang='lat' dir='ltr'>olim</span> <span class='ocrx_word' id='word_1_113' title='bbox 883 2055 1018 2089; x_wconf 80' lang='lat' dir='ltr'>satam</span> <span class='ocrx_word' id='word_1_114' title='bbox 1039 2061 1178 2103; x_wconf 84' lang='lat' dir='ltr'>prope</span> <span class='ocrx_word' id='word_1_115' title='bbox 1189 2049 1392 2089; x_wconf 73' lang='lat' dir='ltr'>Miznster</span> <span class='ocrx_word' id='word_1_116' title='bbox 1414 2063 1493 2089; x_wconf 80' lang='lat' dir='ltr'>vor</span> <span class='ocrx_word' id='word_1_117' title='bbox 1504 2047 1673 2102; x_wconf 73' lang='lat' dir='ltr'>AEgz&#39;dii</span> 
     </span>
    </p>
   </div>
   <div class='ocr_carea' id='block_1_11' title="bbox 293 2122 1670 2253">
    <p class='ocr_par' dir='ltr' id='par_1_12' title="bbox 293 2122 1670 2253">
     <span class='ocr_line' id='line_1_21' title="bbox 294 2122 1670 2178; baseline 0 -14"><span class='ocrx_word' id='word_1_118' title='bbox 294 2125 323 2165; x_wconf 74' lang='lat'><strong><em>7</em></strong></span> <span class='ocrx_word' id='word_1_119' title='bbox 333 2124 417 2164; x_wconf 82' lang='grc' dir='ltr'><em>Ιιοι·</em></span> <span class='ocrx_word' id='word_1_120' title='bbox 429 2153 442 2174; x_wconf 93' lang='lat'><em>,</em></span> <span class='ocrx_word' id='word_1_121' title='bbox 474 2137 591 2164; x_wconf 88' lang='lat' dir='ltr'>nunc</span> <span class='ocrx_word' id='word_1_122' title='bbox 615 2124 726 2164; x_wconf 63' lang='lat' dir='ltr'>laete</span> <span class='ocrx_word' id='word_1_123' title='bbox 746 2122 908 2162; x_wconf 75' lang='lat' dir='ltr'>ibidem</span> <span class='ocrx_word' id='word_1_124' title='bbox 931 2122 1168 2176; x_wconf 54' lang='lat' dir='ltr'>uigentem,</span> <span class='ocrx_word' id='word_1_125' title='bbox 1196 2136 1286 2165; x_wconf 89' lang='lat' dir='ltr'>non</span> <span class='ocrx_word' id='word_1_126' title='bbox 1307 2123 1421 2164; x_wconf 85' lang='lat' dir='ltr'>inter</span> <span class='ocrx_word' id='word_1_127' title='bbox 1439 2123 1670 2178; x_wconf 67' lang='lat' dir='ltr'>inquilinus</span> 
     </span>
     <span class='ocr_line' id='line_1_22' title="bbox 293 2196 1511 2253; baseline -0.007 -15"><span class='ocrx_word' id='word_1_128' title='bbox 293 2198 556 2238; x_wconf 80' lang='lat' dir='ltr'>censendam</span> <span class='ocrx_word' id='word_1_129' title='bbox 577 2204 791 2253; x_wconf 80' lang='lat' dir='ltr'>putamus.</span> <span class='ocrx_word' id='word_1_130' title='bbox 1509 2196 1511 2198; x_wconf 76' lang='grc'>’</span> 
     </span>
    </p>
   </div>
   <div class='ocr_carea' id='block_1_12' title="bbox 294 2282 1320 2335">
    <p class='ocr_par' dir='ltr' id='par_1_13' title="bbox 294 2282 1320 2335">
     <span class='ocr_line' id='line_1_23' title="bbox 294 2282 1320 2335; baseline -0.004 -1"><span class='ocrx_word' id='word_1_131' title='bbox 294 2284 366 2335; x_wconf 89' lang='lat' dir='ltr'><strong>V.</strong></span> <span class='ocrx_word' id='word_1_132' title='bbox 404 2282 602 2334; x_wconf 76' lang='lat' dir='ltr'>dioiea.</span> <span class='ocrx_word' id='word_1_133' title='bbox 676 2291 725 2330; x_wconf 89' lang='lat' dir='ltr'>L.</span> <span class='ocrx_word' id='word_1_134' title='bbox 785 2289 868 2330; x_wconf 76' lang='lat' dir='ltr'>RS.</span> <span class='ocrx_word' id='word_1_135' title='bbox 900 2286 943 2330; x_wconf 83' lang='lat'><strong>2.</strong></span> <span class='ocrx_word' id='word_1_136' title='bbox 1002 2288 1054 2330; x_wconf 87' lang='lat' dir='ltr'><strong>P.</strong></span> <span class='ocrx_word' id='word_1_137' title='bbox 1086 2287 1126 2332; x_wconf 88' lang='lat'>6.</span> <span class='ocrx_word' id='word_1_138' title='bbox 1185 2288 1256 2331; x_wconf 91' lang='lat' dir='ltr'><strong>W.</strong></span> <span class='ocrx_word' id='word_1_139' title='bbox 1276 2286 1320 2334; x_wconf 83' lang='grc'>4.</span> 
     </span>
    </p>
   </div>
   <div class='ocr_carea' id='block_1_13' title="bbox 378 2382 1669 2445">
    <p class='ocr_par' dir='ltr' id='par_1_14' title="bbox 378 2382 1669 2445">
     <span class='ocr_line' id='line_1_24' title="bbox 378 2382 1669 2445; baseline -0.005 -12"><span class='ocrx_word' id='word_1_140' title='bbox 378 2382 451 2438; x_wconf 65' lang='grc' dir='ltr'><strong>ᾙ.</strong></span> <span class='ocrx_word' id='word_1_141' title='bbox 515 2389 570 2442; x_wconf 79' lang='lat'>57</span> <span class='ocrx_word' id='word_1_142' title='bbox 602 2389 643 2432; x_wconf 88' lang='grc'>6.</span> <span class='ocrx_word' id='word_1_143' title='bbox 701 2390 751 2429; x_wconf 89' lang='lat' dir='ltr'>In</span> <span class='ocrx_word' id='word_1_144' title='bbox 781 2390 915 2445; x_wconf 74' lang='lat' dir='ltr'>pratis</span> <span class='ocrx_word' id='word_1_145' title='bbox 938 2390 1035 2430; x_wconf 85' lang='lat' dir='ltr'>udis</span> <span class='ocrx_word' id='word_1_146' title='bbox 1066 2396 1108 2430; x_wconf 80' lang='lat' dir='ltr'>et</span> <span class='ocrx_word' id='word_1_147' title='bbox 1137 2390 1348 2445; x_wconf 65' lang='lat' dir='ltr'>sylvaticis</span> <span class='ocrx_word' id='word_1_148' title='bbox 1367 2387 1552 2428; x_wconf 87' lang='lat' dir='ltr'>humidis</span> <span class='ocrx_word' id='word_1_149' title='bbox 1573 2387 1669 2427; x_wconf 84' lang='lat' dir='ltr'>ubi-</span> 
     </span>
    </p>
   </div>
   <div class='ocr_carea' id='block_1_14' title="bbox 298 2461 1673 2592">
    <p class='ocr_par' dir='ltr' id='par_1_15' title="bbox 298 2461 1673 2592">
     <span class='ocr_line' id='line_1_25' title="bbox 299 2461 1673 2521; baseline -0.001 -16"><span class='ocrx_word' id='word_1_150' title='bbox 299 2479 396 2521; x_wconf 79' lang='lat' dir='ltr'><strong>que.</strong></span> <span class='ocrx_word' id='word_1_151' title='bbox 455 2485 515 2494; x_wconf 88' lang='lat'>—</span> <span class='ocrx_word' id='word_1_152' title='bbox 570 2464 732 2503; x_wconf 81' lang='lat' dir='ltr'>Plantis</span> <span class='ocrx_word' id='word_1_153' title='bbox 764 2464 976 2504; x_wconf 72' lang='lat' dir='ltr'>foemineis</span> <span class='ocrx_word' id='word_1_154' title='bbox 1007 2464 1239 2519; x_wconf 69' lang='lat' dir='ltr'>Corymbus</span> <span class='ocrx_word' id='word_1_155' title='bbox 1259 2462 1434 2504; x_wconf 81' lang='lat' dir='ltr'>densior</span> <span class='ocrx_word' id='word_1_156' title='bbox 1456 2461 1673 2517; x_wconf 77' lang='lat' dir='ltr'>floresque</span> 
     </span>
     <span class='ocr_line' id='line_1_26' title="bbox 298 2537 909 2592; baseline -0.008 -11"><span class='ocrx_word' id='word_1_157' title='bbox 298 2541 488 2581; x_wconf 83' lang='lat' dir='ltr'>minores</span> <span class='ocrx_word' id='word_1_158' title='bbox 502 2567 515 2590; x_wconf 82' lang='lat'><strong>.,</strong></span> <span class='ocrx_word' id='word_1_159' title='bbox 545 2551 674 2592; x_wconf 88' lang='lat' dir='ltr'>quam</span> <span class='ocrx_word' id='word_1_160' title='bbox 694 2537 909 2577; x_wconf 85' lang='lat' dir='ltr'>masculis.</span> 
     </span>
    </p>
   </div>
   <div class='ocr_carea' id='block_1_15' title="bbox 537 2673 1443 2719">
    <p class='ocr_par' dir='ltr' id='par_1_16' title="bbox 537 2673 1443 2719">
     <span class='ocr_line' id='line_1_27' title="bbox 537 2673 1443 2719; baseline 0 -4"><span class='ocrx_word' id='word_1_161' title='bbox 537 2675 607 2719; x_wconf 87' lang='grc'>16.</span> <span class='ocrx_word' id='word_1_162' title='bbox 665 2676 700 2715; x_wconf 81' lang='lat' dir='ltr'>F</span> <span class='ocrx_word' id='word_1_163' title='bbox 720 2677 753 2716; x_wconf 89' lang='lat' dir='ltr'>E</span> <span class='ocrx_word' id='word_1_164' title='bbox 773 2676 809 2715; x_wconf 94' lang='lat' dir='ltr'>D</span> <span class='ocrx_word' id='word_1_165' title='bbox 830 2676 849 2715; x_wconf 87' lang='grc' dir='ltr'>Ι</span> <span class='ocrx_word' id='word_1_166' title='bbox 871 2676 921 2716; x_wconf 89' lang='lat' dir='ltr'>A.</span> <span class='ocrx_word' id='word_1_167' title='bbox 975 2676 1192 2716; x_wconf 74' lang='lat' dir='ltr'>Gaertner.</span> <span class='ocrx_word' id='word_1_168' title='bbox 1234 2674 1316 2715; x_wconf 85' lang='lat' dir='ltr'><strong>RS.</strong></span> <span class='ocrx_word' id='word_1_169' title='bbox 1342 2673 1443 2718; x_wconf 80' lang='lat'><strong>120.</strong></span> 
     </span>
    </p>
   </div>
   <div class='ocr_carea' id='block_1_16' title="bbox 242 2766 1060 2818">
    <p class='ocr_par' dir='ltr' id='par_1_17' title="bbox 242 2766 1060 2818">
     <span class='ocr_line' id='line_1_28' title="bbox 242 2766 1060 2818; baseline -0.015 1"><span class='ocrx_word' id='word_1_170' title='bbox 242 2790 254 2804; x_wconf 89' lang='lat'><strong>·</strong></span> <span class='ocrx_word' id='word_1_171' title='bbox 303 2769 363 2818; x_wconf 82' lang='lat' dir='ltr'><strong>F.</strong></span> <span class='ocrx_word' id='word_1_172' title='bbox 402 2766 640 2815; x_wconf 77' lang='lat' dir='ltr'>dentata.</span> <span class='ocrx_word' id='word_1_173' title='bbox 720 2769 841 2811; x_wconf 74' lang='lat' dir='ltr'>Vahl.</span> <span class='ocrx_word' id='word_1_174' title='bbox 904 2769 984 2809; x_wconf 85' lang='lat' dir='ltr'>RS.</span> <span class='ocrx_word' id='word_1_175' title='bbox 1018 2768 1060 2811; x_wconf 85' lang='grc'><strong>6.</strong></span> 
     </span>
    </p>
   </div>
   <div class='ocr_carea' id='block_1_17' title="bbox 302 2845 1560 2912">
    <p class='ocr_par' dir='ltr' id='par_1_18' title="bbox 302 2845 1560 2912">
     <span class='ocr_line' id='line_1_29' title="bbox 302 2845 1560 2912; baseline -0.016 -6"><span class='ocrx_word' id='word_1_176' title='bbox 302 2866 533 2908; x_wconf 69' lang='lat' dir='ltr'>Valeriana</span> <span class='ocrx_word' id='word_1_177' title='bbox 565 2863 737 2905; x_wconf 83' lang='lat' dir='ltr'>olitoria</span> <span class='ocrx_word' id='word_1_178' title='bbox 769 2874 856 2902; x_wconf 68' lang='lat' dir='ltr'><strong>var.</strong></span> <span class='ocrx_word' id='word_1_179' title='bbox 875 2845 928 2910; x_wconf 49' lang='grc' dir='ltr'><em>ὃ</em></span> <span class='ocrx_word' id='word_1_180' title='bbox 960 2860 1008 2900; x_wconf 87' lang='lat' dir='ltr'><strong>L.</strong></span> <span class='ocrx_word' id='word_1_181' title='bbox 1044 2860 1093 2900; x_wconf 87' lang='lat' dir='ltr'><strong>P.</strong></span> <span class='ocrx_word' id='word_1_182' title='bbox 1120 2860 1200 2912; x_wconf 76' lang='lat'>77,</span> <span class='ocrx_word' id='word_1_183' title='bbox 1221 2858 1291 2903; x_wconf 80' lang='grc'>38,</span> <span class='ocrx_word' id='word_1_184' title='bbox 1323 2858 1394 2900; x_wconf 81' lang='lat' dir='ltr'>W,</span> <span class='ocrx_word' id='word_1_185' title='bbox 1416 2856 1560 2910; x_wconf 53' lang='lat'><strong>7536,</strong></span> 
     </span>
    </p>
   </div>
  </div>
 </body>
</html>
