1784 3328
122 201 149 229 x
690 178 1100 224 PRAEFATIO.

124 323 316 377 obvias
352 322 657 384 habemus,
694 339 793 373 seu
831 318 1225 388 quasi'sponte
1259 316 1560 386 provenire
1592 314 1675 368 vi·-

125 426 345 485 (lemUS‚
379 421 586 473 relictis
624 417 981 490 solummodo
1017 416 1117 480 iis,
1155 435 1275 486 quae
1304 414 1535 466 nonnisi
1562 415 1677 466 sin-

126 520 305 591 gulari
340 520 403 570 in
443 518 614 570 hortis
663 513 936 567 industria
982 514 1139 564 cultae
1187 522 1499 565 occurrunt.
1565 514 1676 562 Ne-

126 639 237 689 que
274 617 442 688 igitur
477 618 677 685 plantae
714 614 776 664 in
810 612 954 682 agris
992 622 1151 673 satae,
1207 628 1397 679 neque
1434 628 1503 660 ex
1549 609 1675 661 aliis

123 729 277 771 terrae
313 714 638 786 regionibus
674 713 912 764 advectae
950 710 1351 771 excluduntur,
1416 709 1677 759 dummo-

125 817 199 867 do
235 814 526 884 inquilinae
563 814 716 865 factae
756 829 886 862 cum
910 807 1297 878 aboriginibus
1323 805 1675 876 frequentius

126 913 513 975 inveniantur,
583 911 667 963 uti
702 907 937 962 cerealia
971 906 1204 971 usitata,
1274 903 1491 958 olitoria
1528 923 1677 974 csuae-

128 1014 259 1064 dam
283 1051 297 1076 ,
335 1013 557 1063 arbores
592 1009 900 1062 nonnullae.

242 1178 356 1230 Ubi
393 1178 462 1229 de
507 1178 632 1228 loco
666 1171 839 1225 natali
889 1168 1204 1240 specialiter
1251 1167 1456 1238 agitur,
1522 1168 1679 1220 inve-

127 1276 265 1340 nies,
292 1277 613 1342 symbolum
657 1272 807 1340 ejuS,
846 1291 915 1323 ex
949 1268 1107 1336 cujus
1144 1268 1257 1319 fide
1283 1278 1338 1318 et
1360 1267 1678 1318 auctoritate

125 1376 280 1426 locus
316 1375 569 1425 laudatus
605 1373 847 1441 pendet,
894 1380 986 1420 aut
1020 1367 1287 1418 usitatum
1323 1364 1465 1415 illud
1501 1365 1679 1414 excla-

127 1472 390 1525 mationis
428 1472 685 1542 signum,
739 1471 830 1535 (ἱ),
895 1486 1007 1535 quo
1056 1464 1367 1515 indicatum
1404 1473 1513 1526 est,
1548 1480 1678 1513 nos-

127 1583 245 1623 met
306 1571 458 1638 ipsos
503 1570 756 1637 plantam
819 1573 1204 1617 enumeratam
1250 1561 1476 1613 vidisse.
1563 1559 1679 1611 Ubi

126 1689 259 1721 vero
298 1666 638 1719 dubitationi
672 1667 828 1716 locus
867 1682 987 1714 esse
1023 1662 1346 1720 videbatur,
1403 1657 1678 1725 expressis

126 1769 312 1821 verbis
369 1768 589 1818 incertae
650 1762 784 1813 civis
833 1759 1186 1812 mentionem
1239 1755 1514 1818 fecimus,
1585 1765 1680 1806 aut

127 1870 380 1937 plantam
446 1863 672 1932 penitus
752 1859 1068 1912 omisimus.
1129 1886 1198 1894 —
1308 1851 1678 1904 Durationem

125 1970 445 2037 plantarum
480 1960 654 2030 signis
690 1959 753 2009 in
785 1976 844 2009 re
880 1952 1134 2007 herbaria
1167 1949 1432 2018 receptis,
1477 1951 1678 2001 floren-

127 2067 187 2118 di
232 2076 455 2131 tempus
505 2056 790 2111 mensium
834 2070 1071 2104 numero
1119 2068 1275 2102 more
1321 2049 1484 2101 solito
1531 2048 1680 2100 indi-

129 2164 397 2218 cavimus.

233 2321 567 2394 Synonymis
604 2308 827 2389 pauciS,
892 2334 1000 2367 nec
1033 2314 1148 2367 nisi
1180 2313 1507 2366 necessariis
1553 2309 1706 2365 auc-¹

128 2439 315 2480 torum
352 2423 675 2481 citatorum,
713 2417 801 2468 usi
838 2431 1052 2475 sumUS,
1088 2431 1162 2463 ne
1197 2414 1467 2463 volumen
1500 2411 1562 2461 in
1594 2411 1681 2462 ni-

131 2525 311 2579 miam
346 2522 559 2572 molem
596 2522 965 2574 excresceret,
1027 2520 1120 2560 aut
1152 2528 1299 2561 nova
1335 2507 1535 2571 (lubia,
1588 2508 1685 2559 vix

129 2621 419 2682 evitanda,
473 2615 761 2669 orirentur.
841 2611 926 2662 De
963 2607 1055 2658 die
1092 2606 1154 2657 in
1189 2606 1342 2657 diem
1377 2605 1533 2657 enim
1567 2623 1685 2657 ma-

130 2721 215 2793 gis
250 2731 581 2788 persuasum
615 2711 916 2770 hahemus,
968 2704 1210 2756 nimiam
1245 2721 1683 2770 synonymorum

132 2819 357 2887 copiam
389 2829 509 2868 non
543 2810 729 2862 solum
764 2805 986 2875 insigne
1022 2800 1266 2853 scientiae
1290 2811 1487 2853 nostrae
1516 2799 1682 2853 ‹letri-
