1784 3328
109 206 169 249 30

116 530 230 576 126.

121 872 233 916 127.

127 2325 241 2370 128.

679 198 998 242 TRIANDRIA.
1057 198 1155 239 Dic.

276 357 527 401 compresso
548 367 568 377 -
591 341 877 398 ancipitibus,
938 339 1002 380 uti
1041 338 1086 378 in
1116 339 1295 395 Dactylo
1333 338 1598 392 glomerato,
1633 349 1657 378 a

279 421 459 461 caeteris
490 424 664 474 praeter
694 416 797 456 alias
818 420 944 455 notas
973 427 1064 455 non
1085 426 1212 467 aegre
1242 411 1533 466 distinguitur.

274 521 338 574 P.
375 518 626 570 trivialis.
678 529 730 569 L.
760 529 838 569 Rs,
869 524 912 572 4.
970 528 1020 569 P.
1062 527 1133 571 10.
1188 527 1262 570 W.
1292 527 1335 571 6.

361 610 429 667 ᾙ.
460 619 488 661 6
507 640 567 649 —-
587 617 628 661 S.
695 617 746 656 In
776 618 911 673 pratis
942 624 986 659 et
1015 618 1184 674 pascuis
1214 616 1483 657 subhumidis
1512 615 1659 668 vulga-

274 695 348 736 ris.
369 714 429 723 —-
479 691 679 747 Spiculae
712 691 1010 747 subtriflorae3
1045 691 1177 732 culmi
1199 691 1463 746 vaginaeque
1492 689 1661 743 scabri,

276 769 409 822 ligula
441 767 642 818 elongata
674 770 824 818 acuta,
855 765 979 805 radix
1007 765 1182 806 fibrosa.

278 857 340 906 P.
377 850 671 920 pratensis,
741 862 791 903 L.
822 863 899 903 RS.
925 861 965 905 1.
997 862 1045 902 P.
1071 861 1141 904 12.
1174 860 1244 902 W.
1267 860 1309 904 8.

365 943 433 999 Ζί.
465 952 492 995 5
512 973 572 982 --
594 961 637 1004 7,
696 951 747 990 In
776 952 911 1008 pratis
943 958 986 992 et
1016 950 1188 1007 pascuis
1209 949 1373 1004 ubique
1395 947 1584 1004 copiose.
1604 967 1663 979 --

278 1025 478 1082 Spiculae
507 1025 536 1067 3
555 1025 819 1077 —fiflorae,
861 1024 994 1065 culmi
1033 1024 1296 1078 vaginaeque
1328 1022 1489 1076 glabri,
1532 1022 1664 1075 ligula

279 1101 422 1142 brevis
454 1099 633 1151 obtusa,
673 1099 797 1139 radix
835 1112 1006 1153 repens.
1067 1098 1221 1137 Planta
1261 1103 1483 1136 caeterum
1512 1094 1663 1135 habitu

279 1182 324 1216 et
354 1181 517 1216 statura
547 1174 675 1213 nimis
705 1171 948 1225 variabilis,
998 1170 1120 1226 cujus
1152 1171 1319 1212 formae
1359 1169 1665 1211 eminentiores

281 1256 406 1291 sunt:

367 1321 408 1365 1.
466 1322 518 1362 In
556 1334 688 1362 arena
727 1320 903 1371 mobili,
954 1320 1100 1361 culmo
1129 1318 1337 1373 palmari,
1394 1317 1507 1358 foliis
1546 1317 1667 1357 latis-

281 1397 422 1449 simis,
451 1394 787 1450 2pollicaribus,
819 1393 990 1447 rigidis,
1022 1393 1197 1448 spiculis
1237 1390 1668 1448 purpurascentibus.

367 1495 409 1527 2.
469 1484 638 1524 Ibidem
669 1484 812 1523 culmo
843 1495 998 1537 parum
1030 1481 1209 1532 altiore,
1240 1480 1352 1520 foliis
1374 1478 1521 1532 rigidis
1541 1475 1667 1533 lipol-

283 1558 493 1599 licaribus
524 1555 867 1611 angustioribus,
898 1555 1072 1611 spiculis
1103 1552 1533 1609 purpurascentibus.

369 1647 412 1689 3.
471 1646 522 1686 In
551 1646 710 1701 pratis,
740 1646 1043 1699 glaucescens,
1077 1642 1222 1682 culmo
1256 1655 1356 1681 cum
1386 1640 1548 1694 vaginis
1576 1637 1670 1680 basi

285 1722 487 1777 ancipiti,
528 1720 641 1761 soliis
673 1719 932 1773 angustatis,
956 1716 1130 1773 spiculis
1163 1714 1398 1768 variegatis.

372 1805 414 1851 4.
473 1809 523 1848 In
556 1808 692 1863 pratis
722 1810 958 1859 montosis,
989 1805 1133 1846 culmo
1167 1802 1343 1856 humili,
1375 1815 1475 1843 cum
1495 1801 1671 1857 spiculis

284 1890 619 1938 atropurpureo.

375 1973 416 2015 5.
475 1972 527 2011 In
565 1972 735 2027 pascuis
778 1976 874 2012 tota
911 1969 1024 2009 laete
1063 1966 1238 2019 viridis,
1299 1962 1500 2016 humilis,
1558 1961 1673 2004 foliis

286 2046 492 2100 angustis.

373 2133 415 2177 6.
473 2133 525 2173 In
558 2133 743 2174 dumetis
769 2135 913 2175 culmo
942 2129 1118 2188 3pedali
1149 2135 1194 2172 et
1221 2128 1362 2182 ultra,
1391 2126 1505 2170 soliis
1533 2124 1674 2180 longis

289 2211 504 2261 angustis,
539 2209 715 2263 spiculis
747 2206 970 2248 viridibus.

289 2314 351 2363 P.
388 2309 603 2362 fertilis.
674 2321 801 2361 Host.

293 2410 341 2452 P.
373 2409 591 2474 palustris.
657 2408 834 2449 Villam.
895 2405 974 2446 RS.
1008 2392 1126 2468 ὅθβ.

377 2489 446 2543 Ζί.
506 2496 533 2539 6
566 2519 625 2527 ·-
662 2495 703 2539 8.
765 2496 817 2536 In
855 2495 991 2550 pratis
1031 2501 1074 2534 et
1112 2489 1283 2548 pascuis
1323 2487 1676 2530 humidiusculis:

291 2572 453 2627 Darnp
483 2584 552 2610 am
582 2568 816 2625 Sadfelde!
857 2570 1064 2610 Mic'nster·
1103 2567 1149 2606 in
1179 2564 1497 2606 ambarvalibus
1527 2576 1676 2603 versus

293 2643 582 2702 Liitjenbeck!
613 2650 744 2698 atque
774 2642 972 2699 pluribus
1004 2641 1152 2680 forsan
1182 2637 1316 2689 locis,
1349 2651 1450 2677 cum
1480 2636 1529 2676 P.
1554 2649 1674 2677 sero-

289 2720 382 2759 tina
440 2717 633 2758 confusa.
674 2738 732 2745 —
819 2715 982 2755 Culmis
1047 2725 1176 2767 saepe
1234 2709 1328 2751 basi
1378 2708 1674 2750 radicantibus

291 2792 540 2847 vaginisque
591 2790 774 2844 glabris,
832 2789 964 2841 ligula
1004 2787 1230 2838 elongata,
1287 2782 1436 2824 radice
1487 2781 1674 2831 fibrosa,

293 2866 483 2906 flosculis
535 2864 658 2920 apice
709 2860 956 2914 ochraceis,
1034 2859 1146 2900 foliis
1206 2857 1262 2901 ad
1319 2856 1444 2898 basin
1503 2853 1672 2911 plicatis
