<?xml version="1.0" encoding="UTF-8"?>
<!DOCTYPE html PUBLIC "-//W3C//DTD XHTML 1.0 Transitional//EN"
    "http://www.w3.org/TR/xhtml1/DTD/xhtml1-transitional.dtd">
<html xmlns="http://www.w3.org/1999/xhtml" xml:lang="en" lang="en">
 <head>
  <title>
</title>
<meta http-equiv="Content-Type" content="text/html;charset=utf-8" />
  <meta name='ocr-system' content='tesseract 3.04.00' />
  <meta name='ocr-capabilities' content='ocr_page ocr_carea ocr_par ocr_line ocrx_word'/>
</head>
<body>
  <div class='ocr_page' id='page_1' title='image "./prodromusfloraem00bnni/prodromusfloraem00bnni_0043.png"; bbox 0 0 1784 3328; ppageno 0'>
   <div class='ocr_carea' id='block_1_1' title="bbox 92 1377 176 1425">
    <p class='ocr_par' dir='ltr' id='par_1_1' title="bbox 92 1377 176 1425">
     <span class='ocr_line' id='line_1_1' title="bbox 92 1377 176 1425; baseline -0.024 0"><span class='ocrx_word' id='word_1_1' title='bbox 92 1377 176 1425; x_wconf 87' lang='grc'><strong>95.</strong></span> 
     </span>
    </p>
   </div>
   <div class='ocr_carea' id='block_1_2' title="bbox 95 1970 177 2016">
    <p class='ocr_par' dir='ltr' id='par_1_2' title="bbox 95 1970 177 2016">
     <span class='ocr_line' id='line_1_2' title="bbox 95 1970 177 2016; baseline -0.012 0"><span class='ocrx_word' id='word_1_2' title='bbox 95 1970 177 2016; x_wconf 83' lang='lat'><strong>96.</strong></span> 
     </span>
    </p>
   </div>
   <div class='ocr_carea' id='block_1_3' title="bbox 97 2391 180 2435">
    <p class='ocr_par' dir='ltr' id='par_1_3' title="bbox 97 2391 180 2435">
     <span class='ocr_line' id='line_1_3' title="bbox 97 2391 180 2435; baseline -0.024 0"><span class='ocrx_word' id='word_1_3' title='bbox 97 2391 180 2435; x_wconf 87' lang='lat'><strong>97.</strong></span> 
     </span>
    </p>
   </div>
   <div class='ocr_carea' id='block_1_4' title="bbox 645 216 1618 264">
    <p class='ocr_par' dir='ltr' id='par_1_4' title="bbox 645 216 1618 264">
     <span class='ocr_line' id='line_1_4' title="bbox 645 216 1618 264; baseline 0.003 -6"><span class='ocrx_word' id='word_1_4' title='bbox 645 216 969 259; x_wconf 84' lang='lat' dir='ltr'><strong>TRIANDRIA.</strong></span> <span class='ocrx_word' id='word_1_5' title='bbox 1033 220 1130 261; x_wconf 76' lang='lat' dir='ltr'><strong>Dic.</strong></span> <span class='ocrx_word' id='word_1_6' title='bbox 1559 217 1618 264; x_wconf 81' lang='lat'><strong>23</strong></span> 
     </span>
    </p>
   </div>
   <div class='ocr_carea' id='block_1_5' title="bbox 212 372 1620 876">
    <p class='ocr_par' dir='ltr' id='par_1_5' title="bbox 212 372 1620 876">
     <span class='ocr_line' id='line_1_5' title="bbox 299 372 1618 440; baseline 0.002 -16"><span class='ocrx_word' id='word_1_7' title='bbox 299 372 367 428; x_wconf 56' lang='grc' dir='ltr'><strong>Ἀ.</strong></span> <span class='ocrx_word' id='word_1_8' title='bbox 438 394 496 439; x_wconf 85' lang='lat'><strong>7,</strong></span> <span class='ocrx_word' id='word_1_9' title='bbox 527 384 573 429; x_wconf 85' lang='lat'><strong>8.</strong></span> <span class='ocrx_word' id='word_1_10' title='bbox 613 383 665 424; x_wconf 92' lang='lat' dir='ltr'><strong>In</strong></span> <span class='ocrx_word' id='word_1_11' title='bbox 696 383 832 439; x_wconf 86' lang='lat' dir='ltr'><strong>pratis</strong></span> <span class='ocrx_word' id='word_1_12' title='bbox 866 390 910 425; x_wconf 89' lang='lat' dir='ltr'><strong>et</strong></span> <span class='ocrx_word' id='word_1_13' title='bbox 941 383 1139 439; x_wconf 80' lang='lat' dir='ltr'>pascuis,</span> <span class='ocrx_word' id='word_1_14' title='bbox 1172 385 1410 440; x_wconf 73' lang='lat' dir='ltr'>praecipue</span> <span class='ocrx_word' id='word_1_15' title='bbox 1440 385 1618 428; x_wconf 79' lang='lat' dir='ltr'><strong>turfosis</strong></span> 
     </span>
     <span class='ocr_line' id='line_1_6' title="bbox 214 458 1619 518; baseline -0.003 -14"><span class='ocrx_word' id='word_1_16' title='bbox 214 463 416 518; x_wconf 83' lang='lat' dir='ltr'><strong>vulgaris.</strong></span> <span class='ocrx_word' id='word_1_17' title='bbox 466 481 525 489; x_wconf 93' lang='lat'>—</span> <span class='ocrx_word' id='word_1_18' title='bbox 615 458 1013 511; x_wconf 79' lang='lat' dir='ltr'><strong>praecedentibus,</strong></span> <span class='ocrx_word' id='word_1_19' title='bbox 1100 459 1358 513; x_wconf 86' lang='lat' dir='ltr'><strong>praesertim</strong></span> <span class='ocrx_word' id='word_1_20' title='bbox 1424 463 1474 500; x_wconf 79' lang='lat' dir='ltr'><strong>A.</strong></span> <span class='ocrx_word' id='word_1_21' title='bbox 1527 461 1619 500; x_wconf 79' lang='lat' dir='ltr'><strong>vul-</strong></span> 
     </span>
     <span class='ocr_line' id='line_1_7' title="bbox 212 532 1618 593; baseline -0.004 -13"><span class='ocrx_word' id='word_1_22' title='bbox 212 538 306 593; x_wconf 86' lang='lat' dir='ltr'><strong>gari</strong></span> <span class='ocrx_word' id='word_1_23' title='bbox 345 535 588 584; x_wconf 89' lang='lat' dir='ltr'><strong>simillima,</strong></span> <span class='ocrx_word' id='word_1_24' title='bbox 621 532 768 573; x_wconf 89' lang='lat' dir='ltr'><strong>statim</strong></span> <span class='ocrx_word' id='word_1_25' title='bbox 798 545 902 573; x_wconf 85' lang='lat' dir='ltr'><strong>vero</strong></span> <span class='ocrx_word' id='word_1_26' title='bbox 935 533 1027 572; x_wconf 88' lang='lat' dir='ltr'><strong>sine</strong></span> <span class='ocrx_word' id='word_1_27' title='bbox 1048 532 1260 572; x_wconf 85' lang='lat' dir='ltr'><strong>ulteriore</strong></span> <span class='ocrx_word' id='word_1_28' title='bbox 1293 534 1454 588; x_wconf 38' lang='lat' dir='ltr'><strong>anal-tsi</strong></span> <span class='ocrx_word' id='word_1_29' title='bbox 1492 535 1618 574; x_wconf 81' lang='lat' dir='ltr'><strong>folio-</strong></span> 
     </span>
     <span class='ocr_line' id='line_1_8' title="bbox 217 606 1619 661; baseline -0.004 -7"><span class='ocrx_word' id='word_1_30' title='bbox 217 626 319 655; x_wconf 89' lang='lat' dir='ltr'><strong>rum</strong></span> <span class='ocrx_word' id='word_1_31' title='bbox 369 609 587 652; x_wconf 84' lang='lat' dir='ltr'>fasciculis</span> <span class='ocrx_word' id='word_1_32' title='bbox 629 621 654 648; x_wconf 90' lang='lat' dir='ltr'><strong>e</strong></span> <span class='ocrx_word' id='word_1_33' title='bbox 695 606 843 648; x_wconf 85' lang='lat' dir='ltr'><strong>radice</strong></span> <span class='ocrx_word' id='word_1_34' title='bbox 899 606 1121 661; x_wconf 84' lang='lat' dir='ltr'><strong>culmique</strong></span> <span class='ocrx_word' id='word_1_35' title='bbox 1161 606 1289 648; x_wconf 89' lang='lat' dir='ltr'><strong>nodis</strong></span> <span class='ocrx_word' id='word_1_36' title='bbox 1341 606 1619 648; x_wconf 78' lang='lat' dir='ltr'><strong>inferioribus</strong></span> 
     </span>
     <span class='ocr_line' id='line_1_9' title="bbox 217 679 1620 741; baseline -0.003 -14"><span class='ocrx_word' id='word_1_37' title='bbox 217 684 550 741; x_wconf 82' lang='lat' dir='ltr'><strong>erumpentibus</strong></span> <span class='ocrx_word' id='word_1_38' title='bbox 585 680 704 722; x_wconf 90' lang='lat' dir='ltr'><strong>haud</strong></span> <span class='ocrx_word' id='word_1_39' title='bbox 734 693 852 734; x_wconf 82' lang='lat' dir='ltr'><strong>aegre</strong></span> <span class='ocrx_word' id='word_1_40' title='bbox 883 679 1195 734; x_wconf 84' lang='lat' dir='ltr'><strong>dignoscenda.</strong></span> <span class='ocrx_word' id='word_1_41' title='bbox 1255 682 1310 721; x_wconf 84' lang='lat' dir='ltr'><strong>Et</strong></span> <span class='ocrx_word' id='word_1_42' title='bbox 1342 681 1387 721; x_wconf 90' lang='lat' dir='ltr'><strong>in</strong></span> <span class='ocrx_word' id='word_1_43' title='bbox 1420 680 1501 722; x_wconf 84' lang='lat' dir='ltr'><strong>hac</strong></span> <span class='ocrx_word' id='word_1_44' title='bbox 1522 697 1620 737; x_wconf 88' lang='lat' dir='ltr'><strong>spe-</strong></span> 
     </span>
     <span class='ocr_line' id='line_1_10' title="bbox 217 754 1619 812; baseline -0.009 -10"><span class='ocrx_word' id='word_1_45' title='bbox 217 761 285 803; x_wconf 88' lang='lat' dir='ltr'><strong>cie</strong></span> <span class='ocrx_word' id='word_1_46' title='bbox 314 759 485 800; x_wconf 86' lang='lat' dir='ltr'><strong>indoles</strong></span> <span class='ocrx_word' id='word_1_47' title='bbox 518 756 687 812; x_wconf 83' lang='lat' dir='ltr'><strong>generis</strong></span> <span class='ocrx_word' id='word_1_48' title='bbox 718 754 1009 811; x_wconf 71' lang='lat' dir='ltr'><strong>polymorpha</strong></span> <span class='ocrx_word' id='word_1_49' title='bbox 1042 768 1282 811; x_wconf 73' lang='lat' dir='ltr'><strong>synonyma</strong></span> <span class='ocrx_word' id='word_1_50' title='bbox 1303 762 1348 797; x_wconf 85' lang='lat' dir='ltr'><strong>et</strong></span> <span class='ocrx_word' id='word_1_51' title='bbox 1387 754 1523 797; x_wconf 87' lang='lat' dir='ltr'><strong>dubia</strong></span> <span class='ocrx_word' id='word_1_52' title='bbox 1554 757 1619 796; x_wconf 86' lang='lat' dir='ltr'><strong>ni-</strong></span> 
     </span>
     <span class='ocr_line' id='line_1_11' title="bbox 218 832 636 876; baseline -0.012 0"><span class='ocrx_word' id='word_1_53' title='bbox 218 835 300 876; x_wconf 91' lang='lat' dir='ltr'><strong>mis</strong></span> <span class='ocrx_word' id='word_1_54' title='bbox 332 832 636 876; x_wconf 81' lang='lat' dir='ltr'><strong>accumulavit.</strong></span> 
     </span>
    </p>
   </div>
   <div class='ocr_carea' id='block_1_6' title="bbox 217 917 1621 1201">
    <p class='ocr_par' dir='ltr' id='par_1_6' title="bbox 217 917 1621 1201">
     <span class='ocr_line' id='line_1_12' title="bbox 311 917 1620 975; baseline -0.003 -11"><span class='ocrx_word' id='word_1_55' title='bbox 311 923 420 965; x_wconf 92' lang='lat' dir='ltr'><strong>Obs.</strong></span> <span class='ocrx_word' id='word_1_56' title='bbox 454 922 546 964; x_wconf 92' lang='lat' dir='ltr'><strong>Cel.</strong></span> <span class='ocrx_word' id='word_1_57' title='bbox 580 921 668 962; x_wconf 82' lang='lat' dir='ltr'><strong>Dr.</strong></span> <span class='ocrx_word' id='word_1_58' title='bbox 711 917 976 970; x_wconf 72' lang='lat' dir='ltr'><strong>lWlln-aml,</strong></span> <span class='ocrx_word' id='word_1_59' title='bbox 1008 918 1236 960; x_wconf 88' lang='lat' dir='ltr'><strong>botanices</strong></span> <span class='ocrx_word' id='word_1_60' title='bbox 1262 918 1403 975; x_wconf 68' lang='lat' dir='ltr'><strong>profi,</strong></span> <span class='ocrx_word' id='word_1_61' title='bbox 1438 920 1483 959; x_wconf 90' lang='lat' dir='ltr'><strong>in</strong></span> <span class='ocrx_word' id='word_1_62' title='bbox 1504 920 1620 960; x_wconf 87' lang='lat' dir='ltr'><strong>litte-</strong></span> 
     </span>
     <span class='ocr_line' id='line_1_13' title="bbox 219 993 1621 1050; baseline -0.004 -12"><span class='ocrx_word' id='word_1_63' title='bbox 219 999 280 1039; x_wconf 89' lang='lat' dir='ltr'><strong>ris</strong></span> <span class='ocrx_word' id='word_1_64' title='bbox 312 1004 487 1048; x_wconf 88' lang='lat' dir='ltr'><strong>monet,</strong></span> <span class='ocrx_word' id='word_1_65' title='bbox 529 1003 619 1036; x_wconf 90' lang='lat' dir='ltr'><strong>tres</strong></span> <span class='ocrx_word' id='word_1_66' title='bbox 650 995 825 1036; x_wconf 89' lang='lat' dir='ltr'><strong>ultimas</strong></span> <span class='ocrx_word' id='word_1_67' title='bbox 859 995 1026 1050; x_wconf 82' lang='lat' dir='ltr'><strong>species</strong></span> <span class='ocrx_word' id='word_1_68' title='bbox 1057 993 1156 1035; x_wconf 86' lang='lat' dir='ltr'><strong>heic</strong></span> <span class='ocrx_word' id='word_1_69' title='bbox 1195 1001 1495 1047; x_wconf 83' lang='lat' dir='ltr'><strong>enumeratas,</strong></span> <span class='ocrx_word' id='word_1_70' title='bbox 1538 1007 1621 1049; x_wconf 81' lang='lat' dir='ltr'><strong>pro</strong></span> 
     </span>
     <span class='ocr_line' id='line_1_14' title="bbox 219 1067 1621 1124; baseline -0.003 -12"><span class='ocrx_word' id='word_1_71' title='bbox 219 1072 322 1112; x_wconf 89' lang='lat' dir='ltr'><strong>loco</strong></span> <span class='ocrx_word' id='word_1_72' title='bbox 365 1070 501 1112; x_wconf 88' lang='lat' dir='ltr'><strong>natali</strong></span> <span class='ocrx_word' id='word_1_73' title='bbox 541 1069 669 1110; x_wconf 89' lang='lat' dir='ltr'><strong>nimis</strong></span> <span class='ocrx_word' id='word_1_74' title='bbox 709 1069 967 1121; x_wconf 80' lang='lat' dir='ltr'><strong>variabiles,</strong></span> <span class='ocrx_word' id='word_1_75' title='bbox 1020 1070 1064 1110; x_wconf 91' lang='lat' dir='ltr'><strong>in</strong></span> <span class='ocrx_word' id='word_1_76' title='bbox 1105 1082 1240 1110; x_wconf 85' lang='lat' dir='ltr'><strong>unam</strong></span> <span class='ocrx_word' id='word_1_77' title='bbox 1297 1069 1489 1124; x_wconf 87' lang='lat' dir='ltr'><strong>speciam</strong></span> <span class='ocrx_word' id='word_1_78' title='bbox 1539 1067 1621 1109; x_wconf 85' lang='lat' dir='ltr'><strong>sibi</strong></span> 
     </span>
     <span class='ocr_line' id='line_1_15' title="bbox 217 1143 732 1201; baseline -0.002 -14"><span class='ocrx_word' id='word_1_79' title='bbox 217 1145 357 1188; x_wconf 82' lang='lat' dir='ltr'><strong>videri</strong></span> <span class='ocrx_word' id='word_1_80' title='bbox 388 1143 732 1201; x_wconf 73' lang='lat' dir='ltr'><strong>conjungendas,</strong></span> 
     </span>
    </p>
   </div>
   <div class='ocr_carea' id='block_1_7' title="bbox 302 1279 1562 1330">
    <p class='ocr_par' dir='ltr' id='par_1_7' title="bbox 302 1279 1562 1330">
     <span class='ocr_line' id='line_1_16' title="bbox 302 1279 1562 1330; baseline -0.005 0"><span class='ocrx_word' id='word_1_81' title='bbox 302 1284 376 1330; x_wconf 79' lang='lat'><strong>32.</strong></span> <span class='ocrx_word' id='word_1_82' title='bbox 437 1284 739 1328; x_wconf 90' lang='lat' dir='ltr'><strong>ARUNDO.</strong></span> <span class='ocrx_word' id='word_1_83' title='bbox 770 1284 822 1326; x_wconf 89' lang='lat' dir='ltr'><strong>L.</strong></span> <span class='ocrx_word' id='word_1_84' title='bbox 874 1283 953 1325; x_wconf 87' lang='lat' dir='ltr'><strong>RS.</strong></span> <span class='ocrx_word' id='word_1_85' title='bbox 983 1281 1085 1328; x_wconf 80' lang='lat'><strong>283.</strong></span> <span class='ocrx_word' id='word_1_86' title='bbox 1118 1283 1168 1326; x_wconf 90' lang='grc' dir='ltr'><strong>Ρ.</strong></span> <span class='ocrx_word' id='word_1_87' title='bbox 1201 1282 1301 1328; x_wconf 82' lang='grc'><strong>183.</strong></span> <span class='ocrx_word' id='word_1_88' title='bbox 1354 1282 1427 1327; x_wconf 88' lang='lat' dir='ltr'><strong>W.</strong></span> <span class='ocrx_word' id='word_1_89' title='bbox 1460 1279 1562 1329; x_wconf 88' lang='grc'><strong>144.</strong></span> 
     </span>
    </p>
   </div>
   <div class='ocr_carea' id='block_1_8' title="bbox 226 1371 1344 1529">
    <p class='ocr_par' dir='ltr' id='par_1_8' title="bbox 226 1371 1344 1529">
     <span class='ocr_line' id='line_1_17' title="bbox 226 1371 1296 1443; baseline -0.005 -16"><span class='ocrx_word' id='word_1_90' title='bbox 226 1373 295 1427; x_wconf 94' lang='lat' dir='ltr'><strong>A.</strong></span> <span class='ocrx_word' id='word_1_91' title='bbox 333 1371 783 1443; x_wconf 83' lang='lat' dir='ltr'><strong>Calamagrostis.</strong></span> <span class='ocrx_word' id='word_1_92' title='bbox 852 1383 903 1424; x_wconf 90' lang='lat' dir='ltr'><strong>L.</strong></span> <span class='ocrx_word' id='word_1_93' title='bbox 936 1381 986 1423; x_wconf 91' lang='lat' dir='ltr'><strong>P.</strong></span> <span class='ocrx_word' id='word_1_94' title='bbox 1020 1380 1092 1425; x_wconf 92' lang='lat'><strong>11.</strong></span> <span class='ocrx_word' id='word_1_95' title='bbox 1153 1381 1225 1423; x_wconf 90' lang='lat' dir='ltr'><strong>W.</strong></span> <span class='ocrx_word' id='word_1_96' title='bbox 1253 1379 1296 1424; x_wconf 86' lang='lat'><strong>9.</strong></span> 
     </span>
     <span class='ocr_line' id='line_1_18' title="bbox 226 1466 1344 1529; baseline -0.004 -13"><span class='ocrx_word' id='word_1_97' title='bbox 226 1473 423 1529; x_wconf 83' lang='lat' dir='ltr'><strong>Agrostis</strong></span> <span class='ocrx_word' id='word_1_98' title='bbox 452 1475 713 1515; x_wconf 85' lang='lat' dir='ltr'><strong>lanceolata.</strong></span> <span class='ocrx_word' id='word_1_99' title='bbox 774 1473 809 1513; x_wconf 88' lang='lat' dir='ltr'>R</span> <span class='ocrx_word' id='word_1_100' title='bbox 839 1479 882 1515; x_wconf 85' lang='lat' dir='ltr'><strong>et.</strong></span> <span class='ocrx_word' id='word_1_101' title='bbox 912 1471 955 1512; x_wconf 86' lang='lat' dir='ltr'><strong>S.</strong></span> <span class='ocrx_word' id='word_1_102' title='bbox 1015 1470 1094 1511; x_wconf 83' lang='lat' dir='ltr'><strong>RS.</strong></span> <span class='ocrx_word' id='word_1_103' title='bbox 1126 1469 1240 1524; x_wconf 81' lang='lat'><strong>229,</strong></span> <span class='ocrx_word' id='word_1_104' title='bbox 1271 1466 1344 1514; x_wconf 83' lang='lat'><strong>64.</strong></span> 
     </span>
    </p>
   </div>
   <div class='ocr_carea' id='block_1_9' title="bbox 223 1563 1624 1922">
    <p class='ocr_par' dir='ltr' id='par_1_9' title="bbox 223 1563 1624 1922">
     <span class='ocr_line' id='line_1_19' title="bbox 307 1563 1624 1624; baseline -0.003 -13"><span class='ocrx_word' id='word_1_105' title='bbox 307 1563 382 1621; x_wconf 57' lang='lat' dir='ltr'><strong>XC.</strong></span> <span class='ocrx_word' id='word_1_106' title='bbox 451 1571 504 1624; x_wconf 85' lang='lat'><strong>6,</strong></span> <span class='ocrx_word' id='word_1_107' title='bbox 536 1572 579 1614; x_wconf 87' lang='lat'><strong>7.</strong></span> <span class='ocrx_word' id='word_1_108' title='bbox 640 1569 769 1611; x_wconf 91' lang='lat' dir='ltr'><strong>Locis</strong></span> <span class='ocrx_word' id='word_1_109' title='bbox 801 1567 1016 1620; x_wconf 84' lang='lat' dir='ltr'><strong>humidis,</strong></span> <span class='ocrx_word' id='word_1_110' title='bbox 1066 1566 1124 1609; x_wconf 87' lang='lat' dir='ltr'><strong>ad</strong></span> <span class='ocrx_word' id='word_1_111' title='bbox 1163 1581 1288 1623; x_wconf 83' lang='lat' dir='ltr'><strong>sepes</strong></span> <span class='ocrx_word' id='word_1_112' title='bbox 1331 1574 1375 1608; x_wconf 90' lang='lat' dir='ltr'><strong>et</strong></span> <span class='ocrx_word' id='word_1_113' title='bbox 1408 1566 1624 1608; x_wconf 77' lang='lat' dir='ltr'><strong>fossarum</strong></span> 
     </span>
     <span class='ocr_line' id='line_1_20' title="bbox 223 1639 1622 1700; baseline -0.006 -12"><span class='ocrx_word' id='word_1_114' title='bbox 223 1647 467 1700; x_wconf 76' lang='lat' dir='ltr'><strong>margines:</strong></span> <span class='ocrx_word' id='word_1_115' title='bbox 500 1644 690 1695; x_wconf 75' lang='lat' dir='ltr'><strong>Rheine,</strong></span> <span class='ocrx_word' id='word_1_116' title='bbox 721 1646 807 1699; x_wconf 86' lang='lat' dir='ltr'><strong>M.;</strong></span> <span class='ocrx_word' id='word_1_117' title='bbox 845 1645 1008 1698; x_wconf 80' lang='lat' dir='ltr'><strong>Darup</strong></span> <span class='ocrx_word' id='word_1_118' title='bbox 1040 1656 1108 1683; x_wconf 85' lang='lat' dir='ltr'><strong>am</strong></span> <span class='ocrx_word' id='word_1_119' title='bbox 1141 1639 1378 1697; x_wconf 73' lang='lat' dir='ltr'><strong>Stcdfilclel</strong></span> <span class='ocrx_word' id='word_1_120' title='bbox 1419 1640 1622 1684; x_wconf 70' lang='lat' dir='ltr'><strong>lW’eclen·</strong></span> 
     </span>
     <span class='ocr_line' id='line_1_21' title="bbox 226 1714 1622 1775; baseline -0.004 -14"><span class='ocrx_word' id='word_1_121' title='bbox 226 1720 391 1761; x_wconf 76' lang='lat' dir='ltr'><strong>brit&#39;ck!</strong></span> <span class='ocrx_word' id='word_1_122' title='bbox 423 1717 637 1775; x_wconf 59' lang='lat' dir='ltr'><strong>Bieltfeld</strong></span> <span class='ocrx_word' id='word_1_123' title='bbox 661 1734 730 1758; x_wconf 82' lang='lat' dir='ltr'><strong>am</strong></span> <span class='ocrx_word' id='word_1_124' title='bbox 765 1716 1062 1767; x_wconf 68' lang='lat' dir='ltr'><strong>Lucterbaclc,</strong></span> <span class='ocrx_word' id='word_1_125' title='bbox 1101 1714 1153 1756; x_wconf 91' lang='lat' dir='ltr'><strong>A.</strong></span> <span class='ocrx_word' id='word_1_126' title='bbox 1174 1737 1234 1745; x_wconf 89' lang='lat'>—</span> <span class='ocrx_word' id='word_1_127' title='bbox 1293 1714 1480 1756; x_wconf 85' lang='lat' dir='ltr'><strong>Valvula</strong></span> <span class='ocrx_word' id='word_1_128' title='bbox 1513 1715 1622 1756; x_wconf 84' lang='lat' dir='ltr'><strong>inse-</strong></span> 
     </span>
     <span class='ocr_line' id='line_1_22' title="bbox 224 1789 1622 1848; baseline -0.004 -13"><span class='ocrx_word' id='word_1_129' title='bbox 224 1795 319 1836; x_wconf 90' lang='lat' dir='ltr'><strong>rior</strong></span> <span class='ocrx_word' id='word_1_130' title='bbox 348 1795 495 1847; x_wconf 83' lang='lat' dir='ltr'><strong>gluma</strong></span> <span class='ocrx_word' id='word_1_131' title='bbox 528 1793 663 1848; x_wconf 89' lang='lat' dir='ltr'><strong>duplo</strong></span> <span class='ocrx_word' id='word_1_132' title='bbox 694 1800 769 1834; x_wconf 87' lang='lat' dir='ltr'><strong>aut</strong></span> <span class='ocrx_word' id='word_1_133' title='bbox 796 1793 930 1848; x_wconf 84' lang='lat' dir='ltr'><strong>triplo</strong></span> <span class='ocrx_word' id='word_1_134' title='bbox 961 1792 1132 1844; x_wconf 88' lang='lat' dir='ltr'><strong>minor,</strong></span> <span class='ocrx_word' id='word_1_135' title='bbox 1183 1789 1242 1831; x_wconf 90' lang='lat' dir='ltr'><strong>ad</strong></span> <span class='ocrx_word' id='word_1_136' title='bbox 1270 1790 1442 1846; x_wconf 85' lang='lat' dir='ltr'><strong>apicem</strong></span> <span class='ocrx_word' id='word_1_137' title='bbox 1482 1803 1622 1831; x_wconf 83' lang='lat' dir='ltr'><strong>emar-</strong></span> 
     </span>
     <span class='ocr_line' id='line_1_23' title="bbox 223 1865 989 1922; baseline -0.003 -15"><span class='ocrx_word' id='word_1_138' title='bbox 223 1869 417 1922; x_wconf 82' lang='lat' dir='ltr'><strong>ginatam</strong></span> <span class='ocrx_word' id='word_1_139' title='bbox 447 1866 580 1908; x_wconf 84' lang='lat' dir='ltr'><strong>arista</strong></span> <span class='ocrx_word' id='word_1_140' title='bbox 608 1865 732 1908; x_wconf 87' lang='lat' dir='ltr'><strong>brevi</strong></span> <span class='ocrx_word' id='word_1_141' title='bbox 764 1867 989 1908; x_wconf 87' lang='lat' dir='ltr'><strong>instructa.</strong></span> 
     </span>
    </p>
   </div>
   <div class='ocr_carea' id='block_1_10' title="bbox 225 1953 1273 2025">
    <p class='ocr_par' dir='ltr' id='par_1_10' title="bbox 225 1953 1273 2025">
     <span class='ocr_line' id='line_1_24' title="bbox 225 1953 1273 2025; baseline -0.006 -17"><span class='ocrx_word' id='word_1_142' title='bbox 225 1955 295 2008; x_wconf 85' lang='grc' dir='ltr'><strong>Α.</strong></span> <span class='ocrx_word' id='word_1_143' title='bbox 332 1953 616 2025; x_wconf 81' lang='lat' dir='ltr'><strong>Epigeios.</strong></span> <span class='ocrx_word' id='word_1_144' title='bbox 651 1965 701 2004; x_wconf 92' lang='lat' dir='ltr'><strong>L.</strong></span> <span class='ocrx_word' id='word_1_145' title='bbox 733 1965 812 2006; x_wconf 80' lang='lat' dir='ltr'><strong>Rs,</strong></span> <span class='ocrx_word' id='word_1_146' title='bbox 844 1963 886 2008; x_wconf 94' lang='lat'><strong>1.</strong></span> <span class='ocrx_word' id='word_1_147' title='bbox 946 1963 996 2004; x_wconf 89' lang='lat' dir='ltr'><strong>P.</strong></span> <span class='ocrx_word' id='word_1_148' title='bbox 1027 1961 1070 2006; x_wconf 89' lang='grc'><strong>9.</strong></span> <span class='ocrx_word' id='word_1_149' title='bbox 1129 1961 1202 2003; x_wconf 88' lang='lat' dir='ltr'><strong>w.</strong></span> <span class='ocrx_word' id='word_1_150' title='bbox 1229 1961 1273 2005; x_wconf 85' lang='lat'><strong>8.</strong></span> 
     </span>
    </p>
   </div>
   <div class='ocr_carea' id='block_1_11' title="bbox 225 2056 1626 2343">
    <p class='ocr_par' dir='ltr' id='par_1_11' title="bbox 225 2056 1626 2343">
     <span class='ocr_line' id='line_1_25' title="bbox 307 2056 1625 2119; baseline -0.002 -16"><span class='ocrx_word' id='word_1_151' title='bbox 307 2056 382 2113; x_wconf 65' lang='grc' dir='ltr'><strong>ᾙ.</strong></span> <span class='ocrx_word' id='word_1_152' title='bbox 425 2065 479 2116; x_wconf 84' lang='grc'><strong>7,</strong></span> <span class='ocrx_word' id='word_1_153' title='bbox 511 2063 554 2107; x_wconf 83' lang='grc'><strong>8.</strong></span> <span class='ocrx_word' id='word_1_154' title='bbox 619 2062 669 2102; x_wconf 91' lang='lat' dir='ltr'><strong>In</strong></span> <span class='ocrx_word' id='word_1_155' title='bbox 703 2061 942 2119; x_wconf 70' lang='lat' dir='ltr'><strong>sylvaticis,</strong></span> <span class='ocrx_word' id='word_1_156' title='bbox 975 2059 1165 2100; x_wconf 88' lang='lat' dir='ltr'><strong>dumetis</strong></span> <span class='ocrx_word' id='word_1_157' title='bbox 1195 2058 1319 2100; x_wconf 89' lang='lat' dir='ltr'><strong>siccis</strong></span> <span class='ocrx_word' id='word_1_158' title='bbox 1353 2059 1469 2101; x_wconf 89' lang='lat' dir='ltr'><strong>haud</strong></span> <span class='ocrx_word' id='word_1_159' title='bbox 1491 2061 1625 2102; x_wconf 79' lang='lat' dir='ltr'><strong>insre-</strong></span> 
     </span>
     <span class='ocr_line' id='line_1_26' title="bbox 225 2135 1626 2195; baseline -0.004 -15"><span class='ocrx_word' id='word_1_160' title='bbox 225 2154 379 2195; x_wconf 88' lang='lat' dir='ltr'><strong>quens.</strong></span> <span class='ocrx_word' id='word_1_161' title='bbox 405 2161 462 2169; x_wconf 92' lang='lat'><strong>—-</strong></span> <span class='ocrx_word' id='word_1_162' title='bbox 522 2139 573 2178; x_wconf 92' lang='lat' dir='ltr'><strong>In</strong></span> <span class='ocrx_word' id='word_1_163' title='bbox 605 2135 874 2178; x_wconf 87' lang='lat' dir='ltr'><strong>nostratibus</strong></span> <span class='ocrx_word' id='word_1_164' title='bbox 907 2135 1076 2175; x_wconf 88' lang='lat' dir='ltr'><strong>culmos</strong></span> <span class='ocrx_word' id='word_1_165' title='bbox 1109 2146 1282 2188; x_wconf 85' lang='lat' dir='ltr'><strong>semper</strong></span> <span class='ocrx_word' id='word_1_166' title='bbox 1311 2149 1501 2190; x_wconf 84' lang='lat' dir='ltr'><strong>superne</strong></span> <span class='ocrx_word' id='word_1_167' title='bbox 1532 2151 1626 2176; x_wconf 84' lang='lat' dir='ltr'><strong>sea-</strong></span> 
     </span>
     <span class='ocr_line' id='line_1_27' title="bbox 227 2208 1626 2265; baseline -0.003 -11"><span class='ocrx_word' id='word_1_168' title='bbox 227 2213 445 2254; x_wconf 83' lang='lat' dir='ltr'><strong>berrimos</strong></span> <span class='ocrx_word' id='word_1_169' title='bbox 486 2211 686 2251; x_wconf 83' lang='lat' dir='ltr'><strong>vidimus.</strong></span> <span class='ocrx_word' id='word_1_170' title='bbox 757 2211 952 2251; x_wconf 87' lang='lat' dir='ltr'><strong>Gramen</strong></span> <span class='ocrx_word' id='word_1_171' title='bbox 987 2208 1172 2260; x_wconf 89' lang='lat' dir='ltr'><strong>durum,</strong></span> <span class='ocrx_word' id='word_1_172' title='bbox 1216 2209 1371 2250; x_wconf 82' lang='lat' dir='ltr'><strong>culmis</strong></span> <span class='ocrx_word' id='word_1_173' title='bbox 1410 2224 1549 2265; x_wconf 79' lang='lat' dir='ltr'><strong>usque</strong></span> <span class='ocrx_word' id='word_1_174' title='bbox 1583 2212 1626 2250; x_wconf 87' lang='lat' dir='ltr'><strong>in</strong></span> 
     </span>
     <span class='ocr_line' id='line_1_28' title="bbox 228 2282 1063 2343; baseline -0.008 -14"><span class='ocrx_word' id='word_1_175' title='bbox 228 2294 485 2343; x_wconf 87' lang='lat' dir='ltr'><strong>sequentem</strong></span> <span class='ocrx_word' id='word_1_176' title='bbox 518 2300 683 2327; x_wconf 83' lang='lat' dir='ltr'><strong>annum</strong></span> <span class='ocrx_word' id='word_1_177' title='bbox 715 2282 1063 2341; x_wconf 82' lang='lat' dir='ltr'><strong>persistentibus.</strong></span> 
     </span>
    </p>
   </div>
   <div class='ocr_carea' id='block_1_12' title="bbox 233 2372 1110 2428">
    <p class='ocr_par' dir='ltr' id='par_1_12' title="bbox 233 2372 1110 2428">
     <span class='ocr_line' id='line_1_29' title="bbox 233 2372 1110 2428; baseline -0.009 0"><span class='ocrx_word' id='word_1_178' title='bbox 233 2376 304 2428; x_wconf 92' lang='lat' dir='ltr'><strong>A.</strong></span> <span class='ocrx_word' id='word_1_179' title='bbox 341 2372 607 2426; x_wconf 81' lang='lat' dir='ltr'><strong>arenaria.</strong></span> <span class='ocrx_word' id='word_1_180' title='bbox 677 2383 727 2423; x_wconf 92' lang='lat' dir='ltr'><strong>L.</strong></span> <span class='ocrx_word' id='word_1_181' title='bbox 759 2381 809 2422; x_wconf 89' lang='lat' dir='ltr'><strong>P.</strong></span> <span class='ocrx_word' id='word_1_182' title='bbox 841 2379 911 2424; x_wconf 88' lang='grc'><strong>13.</strong></span> <span class='ocrx_word' id='word_1_183' title='bbox 943 2379 1016 2421; x_wconf 90' lang='lat' dir='ltr'><strong>W.</strong></span> <span class='ocrx_word' id='word_1_184' title='bbox 1038 2378 1110 2424; x_wconf 90' lang='lat'><strong>11.</strong></span> 
     </span>
    </p>
   </div>
   <div class='ocr_carea' id='block_1_13' title="bbox 230 2467 1324 2522">
    <p class='ocr_par' dir='ltr' id='par_1_13' title="bbox 230 2467 1324 2522">
     <span class='ocr_line' id='line_1_30' title="bbox 230 2467 1324 2522; baseline -0.007 -4"><span class='ocrx_word' id='word_1_185' title='bbox 230 2476 433 2518; x_wconf 86' lang='lat' dir='ltr'><strong>Psamma</strong></span> <span class='ocrx_word' id='word_1_186' title='bbox 464 2472 678 2516; x_wconf 81' lang='lat' dir='ltr'><strong>arenaria.</strong></span> <span class='ocrx_word' id='word_1_187' title='bbox 715 2472 792 2512; x_wconf 84' lang='lat' dir='ltr'><strong>·P.</strong></span> <span class='ocrx_word' id='word_1_188' title='bbox 827 2472 990 2512; x_wconf 76' lang='lat' dir='ltr'><strong>Beauv.</strong></span> <span class='ocrx_word' id='word_1_189' title='bbox 1023 2469 1103 2511; x_wconf 80' lang='lat' dir='ltr'><strong>RS.</strong></span> <span class='ocrx_word' id='word_1_190' title='bbox 1136 2467 1250 2522; x_wconf 79' lang='lat'><strong>387,</strong></span> <span class='ocrx_word' id='word_1_191' title='bbox 1283 2468 1324 2512; x_wconf 87' lang='lat'><strong>1.</strong></span> 
     </span>
    </p>
   </div>
   <div class='ocr_carea' id='block_1_14' title="bbox 236 2564 1634 2703">
    <p class='ocr_par' dir='ltr' id='par_1_14' title="bbox 236 2564 1634 2703">
     <span class='ocr_line' id='line_1_31' title="bbox 309 2564 1634 2623; baseline -0.005 -12"><span class='ocrx_word' id='word_1_192' title='bbox 309 2564 382 2620; x_wconf 65' lang='grc' dir='ltr'><strong>ᾙ.</strong></span> <span class='ocrx_word' id='word_1_193' title='bbox 425 2571 453 2614; x_wconf 88' lang='grc'>6</span> <span class='ocrx_word' id='word_1_194' title='bbox 465 2569 574 2612; x_wconf 85' lang='grc'><strong>-8.</strong></span> <span class='ocrx_word' id='word_1_195' title='bbox 597 2567 645 2607; x_wconf 85' lang='lat' dir='ltr'><strong>In</strong></span> <span class='ocrx_word' id='word_1_196' title='bbox 658 2567 778 2608; x_wconf 85' lang='lat' dir='ltr'><strong>omni</strong></span> <span class='ocrx_word' id='word_1_197' title='bbox 790 2581 922 2608; x_wconf 85' lang='lat' dir='ltr'><strong>arena</strong></span> <span class='ocrx_word' id='word_1_198' title='bbox 933 2565 1083 2607; x_wconf 89' lang='lat' dir='ltr'><strong>mobili</strong></span> <span class='ocrx_word' id='word_1_199' title='bbox 1096 2566 1225 2623; x_wconf 85' lang='lat' dir='ltr'><strong>stirps</strong></span> <span class='ocrx_word' id='word_1_200' title='bbox 1238 2564 1539 2619; x_wconf 81' lang='lat' dir='ltr'><strong>vulgatissima.</strong></span> <span class='ocrx_word' id='word_1_201' title='bbox 1566 2566 1634 2606; x_wconf 67' lang='lat' dir='ltr'><strong>lh-</strong></span> 
     </span>
     <span class='ocr_line' id='line_1_32' title="bbox 236 2640 1138 2703; baseline -0.009 -15"><span class='ocrx_word' id='word_1_202' title='bbox 236 2647 362 2703; x_wconf 78' lang='lat' dir='ltr'><strong>gida,</strong></span> <span class='ocrx_word' id='word_1_203' title='bbox 395 2643 581 2703; x_wconf 83' lang='lat' dir='ltr'><strong>pallida;</strong></span> <span class='ocrx_word' id='word_1_204' title='bbox 615 2642 818 2699; x_wconf 87' lang='lat' dir='ltr'><strong>panicula</strong></span> <span class='ocrx_word' id='word_1_205' title='bbox 836 2640 1138 2697; x_wconf 81' lang='lat' dir='ltr'><strong>spicaesormis.</strong></span> 
     </span>
    </p>
   </div>
   <div class='ocr_carea' id='block_1_15' title="bbox 502 2779 1374 2827">
    <p class='ocr_par' dir='ltr' id='par_1_15' title="bbox 502 2779 1374 2827">
     <span class='ocr_line' id='line_1_33' title="bbox 502 2779 1374 2827; baseline -0.008 0"><span class='ocrx_word' id='word_1_206' title='bbox 502 2782 574 2827; x_wconf 80' lang='grc'><strong>33.</strong></span> <span class='ocrx_word' id='word_1_207' title='bbox 635 2783 666 2823; x_wconf 82' lang='grc' dir='ltr'><strong>Ρ</strong></span> <span class='ocrx_word' id='word_1_208' title='bbox 682 2782 715 2823; x_wconf 81' lang='grc' dir='ltr'><strong><em>Η</em></strong></span> <span class='ocrx_word' id='word_1_209' title='bbox 729 2782 761 2822; x_wconf 84' lang='lat' dir='ltr'>R</span> <span class='ocrx_word' id='word_1_210' title='bbox 773 2781 810 2823; x_wconf 83' lang='lat' dir='ltr'><strong>A</strong></span> <span class='ocrx_word' id='word_1_211' title='bbox 823 2780 863 2822; x_wconf 87' lang='lat' dir='ltr'>G</span> <span class='ocrx_word' id='word_1_212' title='bbox 877 2782 951 2823; x_wconf 88' lang='lat' dir='ltr'><strong>Ml</strong></span> <span class='ocrx_word' id='word_1_213' title='bbox 964 2784 1000 2824; x_wconf 81' lang='grc' dir='ltr'>Τ</span> <span class='ocrx_word' id='word_1_214' title='bbox 1014 2782 1046 2823; x_wconf 84' lang='lat' dir='ltr'>E</span> <span class='ocrx_word' id='word_1_215' title='bbox 1061 2782 1103 2823; x_wconf 83' lang='lat' dir='ltr'><strong>S.</strong></span> <span class='ocrx_word' id='word_1_216' title='bbox 1165 2779 1374 2822; x_wconf 78' lang='lat' dir='ltr'><strong>Trinius.</strong></span> 
     </span>
    </p>
   </div>
   <div class='ocr_carea' id='block_1_16' title="bbox 112 2876 954 2939">
    <p class='ocr_par' dir='ltr' id='par_1_16' title="bbox 112 2876 954 2939">
     <span class='ocr_line' id='line_1_34' title="bbox 112 2876 954 2939; baseline -0.013 0"><span class='ocrx_word' id='word_1_217' title='bbox 112 2895 193 2939; x_wconf 74' lang='lat'><strong>08.</strong></span> <span class='ocrx_word' id='word_1_218' title='bbox 245 2882 304 2932; x_wconf 81' lang='lat' dir='ltr'><strong>P.</strong></span> <span class='ocrx_word' id='word_1_219' title='bbox 343 2876 679 2930; x_wconf 85' lang='lat' dir='ltr'><strong>communis.</strong></span> <span class='ocrx_word' id='word_1_220' title='bbox 755 2885 954 2929; x_wconf 77' lang='lat' dir='ltr'><strong>Trinius.</strong></span> 
     </span>
    </p>
   </div>
  </div>
 </body>
</html>
