1784 3328
685 138 1105 182 PRAEFATIO.
1627 159 1689 188 vu

117 280 282 336 brevi
318 279 583 333 citatione
632 279 989 332 mentionem
1035 280 1307 345 fecimUS,
1379 293 1443 335 ut
1489 302 1688 337 eorum

118 399 312 449 opera,
349 398 593 450 quorum
627 397 810 431 unum
846 381 1046 430 saltem
1083 381 1291 448 cuique
1317 381 1689 451 botanophilo

116 478 183 529 in
215 489 486 547 promptu
522 497 644 529 esse
681 477 1073 546 suspicamur,
1111 479 1234 530 sine
1268 480 1541 547 temporis
1576 481 1689 550 jac·

117 587 239 629 tura
277 576 465 630 evolvi
499 576 738 646 possint.

218 741 420 792 Talem
473 738 849 791 oeconomiam
895 757 1007 807 prae
1061 737 1186 790 aliis
1247 738 1687 795 convenientem

115 839 441 910 putavimus
465 877 480 902 ,
554 856 664 906 qua
734 837 956 901 verbis,
1027 838 1180 888 salva
1250 837 1686 906 perspicuitate,

115 948 466 1007 parceretur,
521 947 691 1004 atque
727 935 1139 1005 compendium
1176 937 1439 988 evaderet
1473 939 1687 990 brevis-

115 1037 348 1088 simum.
419 1037 465 1086 E
499 1054 558 1087 re
595 1045 786 1086 autem
820 1035 1149 1098 videbatur,
1201 1036 1686 1090 adnotatiunculas

114 1138 481 1201 subnectere,
551 1133 654 1185 ubi
689 1136 782 1185 vel
816 1133 1030 1185 laudati
1073 1144 1324 1186 auctores
1360 1144 1686 1199 tacuerunt,

113 1236 207 1286 vel
266 1233 587 1302 specierum
637 1232 983 1284 characteres
1037 1232 1329 1284 difficilius
1393 1235 1684 1287 memoriae

113 1334 485 1395 mandantur,
539 1341 602 1382 ut
648 1330 1076 1382 excursionibus
1134 1349 1364 1400 quoque
1413 1331 1685 1386 inservire

111 1432 292 1502 possit
326 1432 593 1492 libellus,
656 1448 776 1480 non
813 1432 998 1482 solum
1042 1431 1298 1482 locorum
1337 1443 1685 1484 commenta-

113 1532 264 1595 rius,
303 1531 405 1582 sed
442 1530 614 1581 etiam
651 1528 1096 1580 eminentiorum
1135 1529 1386 1596 epitome
1424 1530 1686 1583 differen-

110 1630 338 1682 tiarum.
373 1631 582 1679 Earum
616 1647 748 1679 vero
785 1629 1107 1696 plantarum
1146 1638 1314 1696 atque
1350 1627 1686 1684 varietatum

111 1727 608 1789 memorabilium,
669 1726 877 1795 quibus
934 1737 1225 1777 auctorum
1275 1726 1684 1795 descriptiones

111 1845 233 1879 non
268 1825 428 1879 omni
462 1844 704 1877 numero
740 1825 1114 1893 respondent,
1154 1844 1408 1895 quasque
1446 1845 1549 1877 ceu
1585 1845 1686 1879 no·

112 1946 209 1979 vas
248 1925 521 1977 dubiasve
560 1926 808 1995 catalago
844 1934 1034 1976 nostro
1082 1923 1461 1988 inseruimus,
1522 1936 1684 1978 notas

109 2028 300 2096 plures
351 2022 724 2093 insigniores,
794 2033 889 2074 aut
949 2022 1294 2074 succinctam
1351 2024 1686 2094 descriptio-

111 2144 250 2178 nem
286 2121 686 2190 adjunximus,
747 2139 861 2190 quo
899 2120 1105 2171 melius
1144 2123 1214 2172 ab
1265 2122 1534 2175 affinibus
1573 2125 1685 2177 dis-

108 2224 526 2295 tinguerentur,
566 2231 734 2289 atque
770 2219 1022 2272 ulteriori
1051 2220 1301 2271 examini
1336 2220 1684 2289 subjiceren-

108 2334 216 2377 tur.
286 2322 475 2390 Atque
514 2321 714 2370 harum
757 2319 1073 2387 praecipue,
1136 2320 1237 2371 scd
1282 2331 1337 2371 et
1382 2320 1680 2385 omnium,

107 2442 232 2493 quac
271 2420 423 2489 apud
457 2437 560 2470 nos
599 2417 746 2469 inter
779 2417 1013 2470 rariores
1057 2418 1337 2470 recenseri
1373 2432 1679 2484 merentur,

108 2522 301 2572 locum
346 2519 595 2569 natalem
654 2527 904 2567 accurate
951 2526 1006 2567 et
1058 2516 1379 2584 specialiter
1427 2518 1677 2572 indicare

110 2618 358 2671 maxima
395 2634 522 2668 cura
570 2614 712 2678 fuit,
783 2614 1137 2684 nominaque
1186 2616 1519 2680 vernacula,
1592 2618 1676 2669 uti

112 2736 274 2787 aequo
310 2714 510 2784 saepius
541 2712 662 2764 ficri
692 2714 859 2776 solet,
896 2732 1263 2783 nequaquam
1290 2713 1673 2780 latinavimus,

111 2818 347 2871 obscura
382 2813 552 2864 verba
588 2810 767 2882 magis
805 2831 979 2880 quam
1014 2811 1249 2864 barbara
1285 2822 1620 2869 metuente&
