1784 3328
551 199 624 241 DE
633 198 896 242 CANDRIA.
955 199 1141 245 Panno.
1534 200 1621 247 135

78 350 195 398 567.
242 339 303 394 Ο.
340 354 588 392 arvense.
623 349 674 390 L.
734 347 782 391 P.
807 309 878 392 12.
938 345 1009 389 W.
1033 348 1076 392 7.

79 996 196 1043 568.

84 1664 198 1711 569.

330 429 396 487 XC.
424 434 572 483 4—7.
632 438 683 478 In
714 437 910 493 pascuis,
942 436 1018 477 viis
1049 442 1093 477 et
1123 434 1464 491 ambarvalibus,
1496 452 1620 496 prae-

239 513 389 555 sertim
421 513 515 554 solo
556 511 759 554 sabuloso
800 512 989 563 vulgare.
1019 530 1080 539 —-
1137 509 1176 550 A
1216 512 1528 563 congeneribus
1560 513 1621 552 sa-

240 587 324 628 cile
355 585 706 640 distinguendum
738 585 918 627 fioribus
950 583 1180 640 speciosis,
1220 584 1373 639 petalis
1407 585 1622 627 obcorda-

240 660 322 712 tis,
356 660 500 715 calyce
532 659 665 715 duplo
698 658 950 714 majoribus.
1011 657 1162 698 Variat
1182 658 1289 698 locis
1319 656 1506 699 humidis
1528 672 1622 701 are-

242 733 361 775 nosis
390 733 507 774 foliis
538 732 835 790 superioribus
866 731 1117 786 latioribus,
1149 738 1297 773 exacte
1327 730 1536 773 ovalibus.

369 886 472 933 213.
533 885 906 929 SPERGULA.
928 887 978 928 L.
1038 885 1087 928 P.
1111 881 1239 930 1148.
1299 857 1495 931 w.922.

245 990 299 1042 S.
336 988 527 1042 sativa.
565 999 717 1042 Nobis.

243 1090 287 1132 S.
319 1088 523 1131 arvensis.
544 1088 593 1128 L.
626 1086 822 1143 (secund.
855 1085 995 1128 sz'th
1026 1093 1069 1129 et
1099 1083 1407 1142 Decandolle.)

331 1157 418 1230 Θ.
451 1174 596 1220 6—9.
660 1176 909 1232 Spontanea
938 1175 1122 1231 passim,
1154 1182 1219 1216 ast
1241 1175 1407 1227 rarius,
1438 1172 1481 1214 in
1513 1173 1625 1228 agris

244 1250 481 1304 sabulosis,
513 1265 622 1306 quos
653 1263 877 1305 nunquam
908 1248 1091 1301 deserit,
1134 1248 1178 1287 in
1209 1249 1292 1289 illis
1323 1262 1426 1290 vero
1455 1249 1625 1304 praeci-

243 1340 329 1383 pue
359 1332 459 1382 post
497 1338 681 1366 messem
721 1324 897 1378 copiose
929 1324 1057 1363 culta.
1093 1343 1149 1352 —-
1207 1322 1427 1374 „Semina
1457 1344 1512 1352 —
1546 1321 1624 1362 de-

242 1413 364 1440 mum
421 1397 696 1439 tuberculato
746 1397 900 1437 scabra
948 1395 1140 1449 „sz‘th.
1193 1396 1294 1425 -“
1333 1396 1415 1437 Les
1456 1396 1626 1449 graincs

244 1479 345 1515 sont
372 1493 432 1502 —
459 1485 515 1511 un
548 1485 633 1526 peu
664 1465 913 1524 chagrinees
943 1467 967 1510 a
996 1471 1092 1510 leur
1122 1466 1339 1510 maturite.
1399 1470 1492 1511 Eue
1515 1469 1628 1511 croit

245 1546 353 1589 dans
383 1547 445 1587 les
476 1544 653 1601 champs
683 1543 1005 1586 sablonneux.“
1065 1543 1351 1586 Decandolle.

249 1657 302 1708 S.
337 1652 594 1723 vulgaris.
634 1660 788 1703 Nobis.

247 1757 290 1798 S.
323 1755 529 1798 arvensis.
561 1752 752 1793 omnium
772 1747 875 1807 fiere
906 1759 1153 1791 auctorum.
1186 1746 1259 1804 (an
1289 1741 1382 1803 L.‘')

330 1836 391 1913 β.
422 1840 814 1908 ςρὴιενοεανρα,
850 1845 1000 1888 Nobis.

331 1924 418 1996 Θ.
450 1940 598 1983 6—9.
656 1938 831 1993 Ubique
864 1937 906 1976 in
937 1933 1074 1989 agris,
1111 1932 1250 1986 arvis,
1291 1931 1348 1974 ad
1378 1931 1490 1984 vias,
1532 1932 1627 1972 solo

245 2025 335 2059 tam
377 2016 606 2070 argillacco
649 2026 778 2067 quam
821 2023 1030 2060 arenoso,
1081 2008 1215 2048 immo
1260 2014 1304 2048 et
1354 2007 1397 2046 in
1440 2005 1628 2046 humidis

249 2090 414 2131 lutosis.
443 2111 502 2120 -—
559 2087 795 2141 Utriusque
835 2085 1009 2139 plantae
1043 2081 1212 2122 indoles
1244 2080 1475 2130 naturalis,
1517 2079 1627 2132 agri-

250 2148 489 2190 cultoribus
529 2144 792 2186 nostratibus
834 2143 921 2198 jam
966 2140 1132 2182 dudum
1173 2139 1336 2194 optime
1377 2145 1506 2189 nota,
1558 2152 1629 2178 eas

250 2223 384 2276 magis
416 2221 560 2277 specie
592 2220 645 2261 ab
677 2218 862 2258 invicem
892 2222 1088 2271 separat,
1120 2227 1250 2269 quam
1280 2211 1548 2252 differentiae
1579 2223 1630 2251 ex

252 2296 400 2337 babitu
431 2302 561 2350 atque
593 2293 787 2350 partibus
820 2305 966 2333 earum
999 2289 1235 2338 desumtae,
1266 2285 1537 2340 fideliterque
1560 2298 1629 2325 re-

249 2370 458 2420 deuntes,
490 2368 722 2409 discrimen
755 2367 868 2406 inter
899 2365 991 2404 illas
1024 2362 1163 2403 verbis
1195 2360 1471 2401 statuendum
1503 2373 1628 2414 prae-

251 2443 370 2484 bent.
432 2441 680 2483 Certissima
719 2438 940 2480 distinctio
993 2435 1231 2476 desumitur
1273 2433 1327 2475 de
1368 2433 1631 2483 seminibus,

253 2530 365 2572 quae
408 2516 452 2556 in
494 2516 640 2571 priore
680 2525 852 2567 semper
890 2509 1064 2564 glabra,
1124 2521 1204 2563 per
1251 2508 1412 2547 lentem
1462 2506 1633 2562 punctis

254 2590 431 2630 elevatis
456 2586 765 2630 concoloribus
796 2583 1105 2634 scabriuscula,
1135 2580 1328 2634 margine
1358 2580 1510 2620 latiore
1532 2593 1633 2619 auc-

255 2670 326 2714 ta,
358 2663 401 2701 in
433 2662 514 2704 hac
545 2676 672 2714 vcro,
702 2659 726 2702 a
757 2659 929 2701 rusticis
969 2654 1208 2710 lVatcrgcil
1238 2660 1512 2709 nuncupata,
1553 2651 1634 2692 mi-

257 2749 388 2787 nora,
418 2737 606 2788 granulis
636 2733 835 2790 stipitatis
867 2731 1048 2781 albidis,
1078 2729 1253 2769 demum
1295 2725 1635 2767 suscescentibus

259 2816 531 2864 exasperata,
573 2809 764 2862 margine
794 2806 963 2847 minore
995 2804 1058 2844 vix
1092 2801 1318 2858 pallidiore
1350 2801 1492 2840 cincta
1522 2806 1636 2843 sunt.

259 2882 366 2924 lluic
396 2884 657 2940 supervenit,
689 2881 807 2939 quod
841 2882 884 2922 S.
918 2878 1100 2933 vulgaris
1132 2875 1296 2918 semina
1316 2880 1530 2918 maturata
1550 2879 1636 2916 sta·
