1784 3328
651 216 983 262 DECANDRIA.
1043 222 1169 266 Tmo.
1522 230 1608 279 129

65 362 184 414 545.
230 354 300 409 A.
336 355 611 427 segetulis·
675 368 904 411 Lamarck.

230 457 379 498 Alsine
409 459 618 512 segetalis.
651 457 699 497 L.
760 459 807 499 P.
830 455 942 511 740,
961 457 1004 501 3.
1037 457 1108 501 W.
1133 460 1240 515 580,
1261 464 1304 508 2,

317 526 403 598 Θ.
446 545 499 599 6,
530 548 573 589 7.
633 547 754 588 Inter
805 554 969 601 segetes
1019 548 1074 588 ad
1114 550 1230 607 ripas
1280 553 1426 597 Rheni
1468 575 1610 620 prope
1664 582 1668 586 .

229 618 335 660 Reos
375 626 419 659 et
459 621 705 661 Emmem‘ch
753 623 841 677 jam
881 621 1136 664 defloratam
1186 625 1396 684 vidimus,
1466 649 1609 692 neque

227 707 332 734 vero
375 693 493 734 illam
534 707 680 734 veram
721 708 812 736 esse
855 694 1135 749 dubitamus,
1197 704 1389 755 quamvis
1430 708 1609 753 ulterius

229 767 568 821 investigandam
591 774 806 822 putamus.
825 792 884 799 —
913 770 1037 812 Folia
1056 770 1279 829 subulata,
1310 777 1610 842 subsecunda;

231 842 415 882 stamina
444 842 701 897 plerumque
731 843 829 885 tria.

68 937 187 988 546·
231 943 300 995 A.
336 942 645 994 tenuifolia.
677 953 727 994 L.
787 955 835 996 P.
858 951 930 1000 44.
962 958 1032 999 W.
1054 959 1126 1003 26.

316 1023 401 1094 Θ.
435 1041 581 1086 6-8.
632 1043 684 1082 ln
715 1044 824 1096 agris
857 1053 899 1085 et
931 1047 1040 1088 arvis
1071 1049 1236 1093 rarior:
1277 1066 1418 1113 prope
1449 1060 1610 1105 Balep-

227 1118 325 1168 beck
359 1115 452 1174 auf
471 1115 549 1157 der
579 1117 816 1171 Beerlage!
849 1119 1130 1176 Str-omberg!
1162 1126 1377 1171 Beck-um!
1405 1155 1464 1163 —
1496 1136 1609 1178 Cau-

226 1193 290 1234 les
329 1193 476 1247 plures
519 1191 860 1243 adscendentes,
891 1194 1045 1247 validi,
1077 1210 1100 1237 a
1131 1197 1223 1240 basi
1254 1206 1437 1262 ramosi;
1480 1210 1609 1254 flores

229 1264 472 1319 decandri3
534 1266 711 1320 capsula
751 1273 920 1307 matura
963 1270 1105 1324 calyce
1136 1275 1393 1326 persistente
1424 1282 1608 1338 longior,

226 1340 296 1381 An
327 1339 383 1380 ad
414 1338 526 1379 hanc
557 1347 629 1380 aut
661 1339 717 1380 ad
737 1339 786 1378 A.
809 1340 1062 1382 viscidulam
1091 1345 1257 1389 leuill.
1282 1353 1499 1406 pertineat
1521 1359 1610 1414 illa,

234 1427 365 1469 quam
397 1412 522 1453 nobis
556 1413 599 1452 in
630 1426 756 1453 muro
788 1415 947 1455 montis
978 1416 1254 1476 Sparenberg
1295 1439 1433 1483 prope
1468 1433 1607 1474 Βία..-

220 1484 327 1543 feld
353 1486 556 1526 indicavit
598 1487 782 1528 amiciss.
826 1487 1037 1545 Aschoff,
1087 1494 1397 1549 speciminibus
1427 1517 1517 1546 non
1548 1509 1612 1549 vi-

235 1561 318 1613 sis,
351 1560 616 1614 ignoramus.

63 1660 180 1712 547.
243 1662 308 1714 A.
346 1662 528 1712 rubra.
562 1673 611 1713 L.
672 1674 721 1715 P.
741 1667 812 1716 49.
843 1674 916 1717 W.
939 1674 1010 1723 14.

312 1741 397 1812 Θ,
431 1760 576 1804 6-8.
609 1760 659 1800 In
682 1763 793 1803 arvis
824 1771 867 1804 ct
898 1767 1067 1820 pascuis
1099 1770 1309 1817 sabulosis
1335 1781 1534 1835 vulgaris.
1553 1807 1613 1819 —

224 1835 391 1891 Saepius
423 1836 601 1876 omnino
633 1843 876 1893 prostrata,
906 1839 951 1879 in
982 1841 1196 1888 umbrosis
1223 1864 1326 1893 vero
1345 1855 1606 1915 plerumque

224 1910 467 1951 suberecta.

61 2019 179 2070 548.
226 2012 295 2064 A.
333 2011 536 2064 media.
572 2024 620 2064 L.
680 2023 728 2064 P.
749 2026 819 2068 50.
852 2026 924 2068 w.
947 2025 1017 2071 15.

314 2091 399 2162 Θ.
433 2110 577 2155 6-8.
639 2111 689 2152 In
721 2112 907 2155 humidis
947 2118 1100 2159 salsis:
1152 2121 1207 2163 ad
1246 2125 1426 2169 salinam
1467 2144 1606 2189 prope

225 2184 388 2225 Rheinc
429 2186 628 2241 copiose,
679 2185 761 2228 M.!
812 2210 871 2218 —
929 2190 1215 2247 Distinguitur
1244 2213 1269 2240 a
1298 2212 1507 2258 sequente
1537 2222 1605 2249 sc-

223 2258 412 2299 minibus
444 2259 696 2302 membrana
727 2261 894 2305 cinctis.

63 2365 180 2416 549.
228 2360 553 2414 A.marina.
590 2371 743 2413 Smich.

315 2440 400 2513 Θ.
432 2461 579 2504 6-8.
640 2462 858 2504 Similibus
883 2478 982 2506 cum
1013 2467 1148 2522 priori
1180 2470 1311 2515 locis:
1344 2477 1520 2532 copiose
1550 2479 1606 2520 ad

228 2536 407 2576 salinam
449 2548 587 2590 prope
629 2535 818 2577 Dissen!
880 2559 937 2568 —-
1004 2540 1067 2581 De
1118 2542 1360 2589 differentia
1406 2552 1607 2606 specifica

228 2607 355 2661 hujus
387 2615 429 2648 et
460 2608 749 2664 praecedentis
782 2610 946 2665 plantae
978 2616 1112 2655 multa
1146 2617 1270 2659 nobis
1301 2620 1433 2663 dubia
1454 2639 1606 2680 super-

230 2686 344 2719 sunt.
406 2681 535 2732 Quod
570 2697 724 2739 nempe
758 2683 1017 2726 discriminis
1051 2687 1093 2728 in
1126 2692 1273 2744 Ciuile,
1317 2695 1454 2749 soliis,
1487 2699 1605 2740 ssori-

229 2750 311 2791 bus
355 2759 483 2808 atquc
524 2756 668 2810 calyce
710 2757 779 2796 alii
825 2758 1051 2812 invenere,
1107 2763 1148 2804 id
1179 2767 1301 2806 nullo
1333 2770 1465 2810 modo
1498 2785 1605 2812 con·

230 2831 371 2877 stans,
406 2840 486 2865 nec
517 2842 687 2883 semper
718 2829 903 2872 fideliter
934 2833 1106 2875 rediens
1139 2837 1473 2884 observavimus.
1523 2846 1604 2885 Su-

230 2906 375 2955 perest
409 2913 511 2952 crgo
544 2902 753 2943 seminum
786 2904 829 2944 in
862 2908 910 2947 A.
944 2907 1084 2949 media
1115 2923 1289 2967 margo,
1338 2929 1468 2970 quem
1502 2932 1604 2962 vcro

1040 2992 1069 3033 9
