1784 3328
130 251 191 298 38

134 664 251 710 160.

134 1169 248 1216 161.

137 1628 250 1682 162.

138 2067 252 2113 163.

136 2373 251 2423 164.

136 2733 249 2780 165.

685 253 1006 296 TRIANDRIA.
1062 252 1162 296 Dm.

292 393 415 437 fertis
446 394 718 452 patentibus,
758 396 912 450 glumis
943 395 1144 451 calycinis
1173 394 1328 449 nullis,
1365 395 1485 451 spica
1514 395 1674 438 abbre-

294 469 431 522 viata,
461 469 695 523 subovata3
728 469 841 509 hanc
869 482 974 510 vero
1007 483 1107 510 cum
1126 471 1290 523 vulgari
1321 484 1373 513 ex
1390 484 1479 512 una
1498 471 1672 512 eadem-

249 568 253 575 ·
295 557 381 598 que
411 542 559 584 radice
590 543 919 599 provenientem
940 543 1282 586 observavimus.

294 657 359 709 L.
395 676 644 711 arvense.
685 669 952 726 IVz'thering.
1011 669 1090 710 RS.
1110 668 1154 712 3.

293 757 344 799 L.
375 758 682 811 multiflorum,
711 746 758 821 β
781 774 972 801 arvense.
1004 761 1126 801 Pers.
1157 760 1205 800 P.
1235 745 1325 822 4β.

355 824 444 895 Θ.
476 846 528 899 6,
561 858 603 899 7.
669 848 788 889 Inter
825 856 987 902 segetes
1018 850 1255 902 aestivales,
1297 847 1522 905 praecipue
1558 846 1674 888 inter

293 917 451 958 Linum
471 919 758 975 frequens.—
778 921 935 962 Habitu
954 923 1260 964 intermedium
1279 924 1393 964 inter
1411 924 1460 963 L.
1481 936 1675 978 perenne

294 999 339 1032 et
368 996 680 1049 temulentum,
722 996 776 1037 ab
807 996 881 1036 illo
913 996 1128 1051 calycibus
1161 998 1346 1052 spiculas
1375 995 1673 1053 subaequanti-

293 1065 401 1119 bus,
433 1068 487 1109 ab
507 1068 591 1110 hoc
612 1070 800 1111 flosculis
832 1070 1001 1110 muticis
1033 1070 1264 1111 diversum.

297 1169 364 1221 L.
399 1172 790 1224 temulentum.
824 1184 875 1224 L.
933 1184 1011 1225 RS.
1035 1194 1075 1237 5.
1131 1185 1181 1225 Ρ.
1205 1194 1245 1239 3.
1304 1183 1377 1226 W.
1397 1192 1438 1237 3.

354 1250 440 1322 Θ.
474 1272 526 1323 7,
554 1271 596 1315 S.
650 1272 771 1314 Inter
801 1280 963 1327 segetes
994 1273 1230 1327 aestivales,
1262 1286 1442 1328 gramen
1471 1271 1673 1327 noxium,

293 1346 416 1387 annis
436 1346 590 1402 pluviis
620 1347 747 1389 nimis
776 1347 993 1403 frequens.

376 1495 448 1543 54.
489 1498 913 1544 HORDEUM.L.
962 1501 1041 1543 RS.
1066 1500 1164 1555 351.
1205 1500 1254 1541 P.
1276 1498 1375 1544 196.
1406 1499 1479 1544 w.
1503 1499 1643 1545 151..

296 1616 367 1668 H.
404 1619 646 1688 vulgare.
681 1628 731 1670 L.
795 1629 873 1669 Rs.
895 1627 936 1673 1.
996 1628 1045 1669 Ρ.
1073 1627 1115 1672 1.
1177 1628 1249 1671 W.
1271 1626 1313 1671 1.

358 1697 444 1768 Θ.
471 1718 587 1771 6,7.
653 1717 822 1760 Colitur
861 1716 1095 1772 praecipue
1135 1715 1182 1756 in
1224 1717 1333 1770 agris
1381 1717 1585 1759 arenosis.
1614 1740 1674 1750 —-

295 1791 468 1832 Semina
507 1792 735 1833 sexfariam
773 1790 1023 1843 imbricata,
1076 1790 1268 1832 seriebus
1306 1792 1511 1846 utrinque
1559 1791 1673 1832 binis

292 1865 656 1920 prominentibus.
719 1864 833 1907 Ante
861 1865 1039 1906 brumas
1079 1872 1215 1906 satam
1243 1878 1468 1920 nunquam
1489 1864 1672 1906 vidimus

293 1937 407 1979 hanc
431 1939 635 1995 speciem.
1542 1923 1550 1930 ⁴

294 2056 366 2108 H.
404 2053 780 2108 hexastichon.
815 2067 865 2109 L.
920 2040 999 2108 RS.
1021 2064 1063 2109 3.
1118 2065 1168 2107 P.
1190 2074 1232 2108 2.
1293 2064 1365 2108 W.
1394 2065 1440 2110 2.

382 2163 437 2220 ὃ.
467 2182 511 2215 et
544 2159 633 2230 Θ.
654 2178 706 2232 6,
727 2178 769 2221 7.
840 2178 1008 2219 Colitur
1035 2176 1268 2233 praecipue
1297 2177 1342 2216 in
1385 2177 1494 2231 agris
1521 2176 1674 2219 lutosis

296 2261 339 2296 et
370 2254 591 2307 argillosis.
613 2274 673 2283 ·-—·
730 2252 904 2293 Semina
924 2253 1161 2308 aequaliter
1182 2251 1409 2293 sexfariam
1430 2251 1672 2294 imbricata.

294 2371 366 2422 H.
401 2368 696 2422 distichon.
729 2380 779 2420 L.
837 2379 917 2420 RS.
939 2388 981 2431 7.
1039 2377 1088 2419 P.
1109 2377 1152 2420 3.
1214 2377 1286 2420 W.
1306 2377 1349 2420 3.

353 2448 438 2520 Θ.
470 2469 522 2522 6,
544 2471 586 2513 7.
622 2470 790 2511 Colitur
820 2470 866 2509 in
886 2467 1095 2521 argillosis
1156 2473 1230 2507 aut
1259 2465 1436 2520 lutosis3
1474 2466 1521 2506 in
1560 2466 1671 2520 agris

293 2543 485 2584 arenosis
524 2543 610 2584 hoc
639 2558 776 2600 aeque
816 2556 868 2584 ac
908 2542 1028 2597 prius
1066 2551 1158 2580 non
1186 2540 1349 2600 vigent..
1370 2560 1429 2570 —-·
1498 2539 1672 2582 Semina

291 2615 496 2672 utrinque
529 2617 759 2658 unifariam
789 2615 1039 2667 imbricata,
1071 2613 1210 2654 aristis
1241 2612 1470 2668 adpressis.

292 2733 363 2785 H.
399 2731 712 2785 Zeocriton.
747 2743 797 2785 L.
874 2742 951 2784 RS.
973 2739 1016 2786 8.
1079 2740 1128 2782 P.
1147 2736 1191 2784 4.
1242 2740 1314 2783 W.
1334 2734 1379 2785 4.

352 2812 439 2884 Θ.
467 2832 518 2885 6,
549 2833 591 2876 7.
652 2833 800 2873 Rarius
834 2833 1005 2873 colitur.
1034 2852 1094 2861 —-·
1139 2829 1295 2872 Differt
1324 2843 1350 2870 a
1377 2828 1669 2884 praecedente

295 2907 529 2948 seminibus
562 2908 720 2948 arctius
749 2904 1011 2957 imbricatis,
1040 2905 1180 2947 aristis
1209 2903 1470 2960 patentibus.
