1784 3328
145 232 211 260 ,nv
739 211 1148 257 PRAEFATIO.

144 356 231 408 nis
279 372 408 425 crgo
460 352 767 422 specimina
816 354 918 405 rite
952 354 1252 406 :exsiccata
1317 366 1514 423 praesto
1569 356 1696 410 sint.

144 455 227 506 De
294 453 507 506 invisis,
566 454 722 503 enim
794 452 877 502 nil
926 451 1321 517 judicandum,
1402 453 1695 523 invisaque

146 552 207 602 in
251 552 576 603 mantissam
622 550 902 618 recipere,
973 560 1139 618 atque
1185 549 1376 601 dubiis
1411 550 1694 621 prioribus

145 667 288 701 nova
326 649 499 700 dubia
537 650 772 709 addere,
809 665 927 698 non
963 647 1314 701 audebimus

243 783 624 845 Praemonitis‚
695 803 817 852 quae
865 781 1204 833 videbantur
1255 785 1656 851 praemonenda
1681 823 1697 846 ‚

146 902 365 952 sperare
400 882 566 934 nobis
602 883 683 933 fas
722 892 835 943 est,
910 880 1028 931 fore
1074 891 1135 930 ut
1179 882 1352 933 lector
1395 901 1568 949 nem-o
1605 872 1694 934 ae*-

147 999 291 1051 quus
328 990 521 1031 conata
555 991 741 1031 nostra
780 977 1077 1046 despiciat,
1117 990 1210 1030 aut
1248 979 1534 1032 levitatem
1566 999 1698 1049 ope-

145 1081 219 1133 ris
254 1080 546 1148 vituperet.
617 1079 816 1147 Neque
852 1076 1180 1146 ambiguam
1222 1077 1457 1128 auctoris
1498 1078 1698 1149 glorio-

145 1182 261 1230 lam
296 1176 708 1237 ambientibus,
752 1193 940 1244 neque
978 1174 1259 1243 singulare
1293 1175 1473 1226 labori
1507 1188 1696 1230 nostro

145 1276 412 1338 meritum
466 1273 873 1335 tribuentibus,
940 1272 1146 1323 sufficit
1193 1273 1390 1335 nobis,
1456 1273 1504 1324 si
1548 1292 1696 1325 unus

147 1377 353 1427 alterve
401 1371 618 1442 aliquid
672 1369 1073 1422 oblectamenti
1118 1379 1173 1421 et
1217 1370 1470 1422 utilitatis
1517 1390 1585 1423 ex
1629 1391 1697 1424 eo

147 1472 386 1541 ceperit,
452 1481 506 1522 et
552 1470 623 1521 ad
667 1468 1009 1520 seduliorem
1055 1469 1347 1538 plagarum
1381 1480 1698 1520 nostrarum

146 1570 566 1642 indagationem
602 1585 722 1618 sese
776 1565 1075 1617 excitatum
1110 1565 1360 1618 senserit.
1381 1597 1447 1603 —
1483 1567 1698 1632 Quodsi

147 1681 336 1723 autem
372 1666 779 1736 intelligamus,
830 1663 1091 1714 libellum
1126 1665 1276 1714 hunc
1308 1663 1700 1731 botanophilo-

146 1788 275 1822 rum
309 1785 430 1818 esse
466 1765 528 1816 in
561 1763 731 1824 votiS,
789 1780 977 1830 neque
1013 1761 1322 1812 amicorum
1358 1761 1568 1813 auxilio
1601 1779 1699 1811 ne-

148 1886 260 1937 que
294 1862 643 1932 temporibus
681 1859 1011 1911 deficiamur
1045 1857 1528 1920 subsecundariiS,
1566 1860 1698 1910 alte-

148 1966 194 2017 ri
231 1979 457 2034 quoque
493 1957 919 2028 Cryptogamiae
958 1956 1128 2024 parti,
1191 1956 1460 2007 fusiorem
1505 1956 1610 2006 soli
1646 1966 1701 2006 ct

149 2060 386 2113 climatis
424 2055 862 2124 descriptionem
896 2054 1067 2105 simul
1090 2052 1422 2116 continenti,
1460 2072 1696 2122 operam

148 2157 399 2211 navaturi
434 2172 643 2207 sumus,

292 2368 577 2419 Dabamus
622 2359 947 2414 Monasterii
1018 2360 1471 2427 W'estl›halor11m
1518 2359 1701 2428 pridie

150 2469 356 2519 Iduum
391 2461 595 2517 Martii,
663 2456 1141 2511 MDCCCXXIV.
