1784 3328
132 232 219 279 148

136 779 250 826 615.

138 1329 255 1375 616.

650 237 1005 281 ICOSANDRIA.
1065 242 1223 282 Pom-0.

296 376 438 419 dimus
469 391 608 436 prope
639 381 864 422 Benzheim
896 381 953 422 im
991 380 1144 425 Walde
1175 381 1242 421 bei
1268 380 1348 422 der
1378 382 1594 425 Askorst!
1615 405 1674 416 --

295 452 453 493 Differt
481 455 705 510 praecipue
745 468 771 495 a
809 456 857 496 R.
898 457 1077 509 canina:
1129 456 1295 498 laciniis
1337 457 1539 511 calycinis
1571 457 1675 498 sub-

296 527 588 582 simplicibus‚
638 529 752 570 intus
784 529 884 571 albo
913 530 1193 583 tomentosis‚
1243 538 1488 572 maturante
1528 531 1675 572 fructu

292 599 385 640 late
416 601 637 655 expansis,
676 602 977 659 fructibusque
1007 602 1271 659 majoribus,
1310 604 1490 646 maturis
1519 605 1674 647 fusco-

299 674 544 729 purpureis.

300 777 369 829 Β.
406 776 779 827 dumetorum.
820 789 1050 830 Thuillier.

299 876 346 917 R.
380 876 534 916 canina
562 877 619 934 Ὗ.
680 877 802 918 Pers.
862 877 909 918 P.
940 878 1055 936 387.

383 976 445 1037 ἵ).
482 988 594 1041 6‚7.
664 988 714 1028 In
755 989 995 1044 summis,
1050 988 1236 1030 dumetis
1275 990 1493 1046 frequens.
1523 1008 1579 1022 --
1640 989 1678 1030 A

300 1064 348 1104 R.
390 1063 545 1104 canina
583 1062 781 1118 proxima
821 1062 949 1103 facile
992 1062 1288 1116 dignoscenda
1326 1065 1485 1105 foliolis
1526 1063 1678 1104 subtus

299 1137 560 1194 petiolisque
592 1135 763 1176 villosis.
824 1135 993 1177 Foliola
1033 1136 1077 1176 in
1119 1143 1314 1180 nostrate
1352 1151 1576 1195 nunquam
1606 1151 1678 1178 su-

298 1224 380 1266 pra
409 1208 691 1265 pubescentia
720 1206 918 1251 vidimus.

306 1325 374 1378 R.
410 1323 651 1393 sepium.
692 1335 925 1377 Thuillier.

387 1421 448 1485 15.
483 1432 510 1475 6
530 1463 542 1485 ,
564 1433 606 1474 7.
667 1431 718 1471 In
750 1432 934 1473 dumetis
966 1439 1008 1473 et
1038 1430 1248 1473 fruticetis
1279 1432 1469 1488 passim,
1517 1433 1679 1489 praeci-

301 1522 387 1565 pue
419 1507 617 1549 Rhenum
647 1520 794 1548 versus
826 1520 915 1547 non
947 1507 1057 1548 adeo
1088 1520 1200 1547 rara.
1229 1528 1288 1535 -—
1345 1507 1400 1548 Et
1433 1506 1540 1548 haec
1571 1522 1679 1562 quo-

304 1598 396 1639 que,
419 1582 467 1621 R.
500 1581 680 1622 caninae
712 1579 876 1631 affinis,
925 1580 1180 1635 saepiusque
1221 1593 1320 1620 cum
1361 1580 1436 1621 illa
1475 1582 1683 1636 consusa;

305 1656 451 1697 differt
482 1663 626 1696 autem
655 1653 814 1694 foliolis
844 1653 1111 1705 minoribus,
1146 1653 1295 1693 subtus
1326 1653 1422 1708 pilis
1454 1654 1682 1707 glandulo-

305 1731 362 1770 sis
393 1729 568 1783 obsitis3
630 1742 656 1768 a
684 1728 731 1768 R.
773 1708 1022 1779 rubiginosa
1063 1739 1164 1767 vero
1207 1727 1484 1780 distinguitur
1523 1727 1683 1769 foliolis

304 1803 440 1856 magis
471 1801 752 1851 acuminatis,
782 1800 969 1841 urceolis
1000 1801 1138 1840 multo
1169 1800 1301 1854 magis
1333 1801 1567 1855 elongatis,
1604 1815 1682 1857 pe-

308 1875 562 1930 dicellisque
593 1873 875 1928 glaberrimis.

147 1999 264 2045 617.
312 1990 381 2043 R.
416 1989 740 2040 micrantha.
777 1999 928 2041 sz'zh.

400 2087 461 2149 1).
487 2098 539 2151 6,
561 2099 613 2149 7,
646 2103 775 2151 atque
807 2110 925 2151 saepe
956 2096 1112 2137 iterum
1142 2094 1170 2138 9
1188 2125 1200 2148 ‚
1230 2094 1302 2139 10.
1361 2095 1413 2136 In
1443 2096 1615 2152 sepibus
1646 2104 1691 2139 et

311 2174 497 2215 dumetis
530 2173 623 2213 solo
655 2172 851 2212 calcat-eo
882 2169 1046 2211 rarior:
1078 2168 1359 2224 Str-omberg!
1390 2169 1607 2211 Beckum!
1629 2192 1689 2202 --

311 2249 519 2302 Sequenti
550 2245 674 2285 valde
707 2244 873 2296 affinis,
905 2257 930 2284 a
961 2244 1014 2283 cl.
1049 2243 1093 2284 T
1089 2243 1333 2284 rattinnick
1365 2249 1512 2283 autem
1541 2244 1688 2298 specie

309 2321 467 2361 iterum
501 2319 726 2359 distincta:
757 2317 943 2358 urceolis
975 2315 1198 2371 ellipticis,
1229 2315 1384 2368 fuscis,
1413 2315 1506 2356 basi
1537 2330 1688 2371 sparse

309 2393 515 2448 hispidis,
546 2392 716 2447 petiolis
745 2390 1025 2442 tomentosis,
1055 2388 1212 2429 foliolis
1244 2389 1440 2444 ellipticis
1463 2418 1475 2441 ‚
1506 2389 1687 2429 floribus

312 2465 553 2506 minoribus
596 2463 987 2520 cyathysormibus‚
1033 2461 1247 2502 fructibus
1287 2461 1475 2518 denique
1505 2463 1686 2505 minori-

314 2540 396 2581 bus
409 2570 421 2592 ‚
453 2540 730 2595 ampullaceo
743 2561 762 2571 -
774 2537 988 2592 ellipticis.

153 2667 268 2712 618.
317 2655 386 2707 R.
423 2653 766 2724 rubiginosa.
797 2664 848 2705 L.
907 2665 956 2705 P.
978 2662 1049 2706 29.
1109 2661 1180 2703 W.
1201 2661 1273 2706 21.

403 2752 463 2813 1).
493 2763 588 2815 6‚7.
616 2763 667 2803 In
679 2759 890 2818 sylvaticis
902 2767 944 2800 et
955 2759 1140 2799 dumetis
1154 2759 1242 2799 fere
1255 2758 1430 2813 ubique,
1450 2755 1605 2797 nullibi
1617 2770 1693 2796 au-

317 2846 407 2880 tem
447 2836 636 2892 copiose.
668 2857 726 2865 —-
784 2833 940 2875 Petioli
979 2833 1145 2884 villosi,
1195 2832 1344 2873 foliola
1385 2828 1692 2871 subrotundo-

321 2918 471 2962 ovata,
521 2909 671 2950 subtus
702 2906 980 2962 glandulosa‚
1029 2906 1131 2947 trita
1162 2913 1283 2959 grate
1313 2904 1521 2957 odorata,
1569 2909 1619 2943 ut
1651 2901 1693 2941 in
