1784 3328
123 1363 241 1409 937.

127 1712 243 1757 938.

131 2275 246 2319 939.

137 2895 233 2944 940

615 218 986 267 SYNGENESIA.
1044 223 1207 267 Pomo-
1265 221 1374 278 AnQ.

279 358 325 400 S.
357 373 502 416 asper.
538 372 774 405 auctorum
805 361 876 419 (ex
905 361 1063 420 parte).
1125 365 1174 407 P.
1197 351 1316 427 17β.
1377 365 1449 408 W.
1473 364 1590 432 177.

371 431 458 502 Θ.
491 451 643 495 7-9.
707 452 818 493 Cum
849 452 996 508 priore
1027 453 1118 493 fere
1147 451 1337 508 ubique,
1377 436 1560 511 totoque
1591 455 1671 496 ha·
1746 459 1749 461 ’

281 522 378 564 bitu
409 532 540 581 atque
580 527 700 567 varia
740 527 948 568 soliorum
988 528 1130 567 forma
1167 526 1234 566 illi
1273 527 1436 573 similis.
1506 529 1671 569 Distin-

281 599 428 653 guitur
457 612 561 640 vero
593 599 707 640 haud
741 613 857 654 aegre
889 599 1097 641 achaeniis
1137 600 1412 653 marginatis,
1461 602 1673 656 laevibus,

282 672 491 727 utrinque
519 673 766 724 tristriatis‚
818 674 934 714 striis
965 674 1034 715 vix
1080 674 1286 728 elevatis,
1342 689 1485 730 neque
1534 677 1598 716 uti
1629 677 1675 716 in

283 747 433 801 priore
463 746 744 787 transversim
775 748 988 801 rugulosis
1007 778 1018 799 ,
1068 749 1160 789 sere
1190 748 1489 789 tuberculatis.
1532 749 1676 790 Caete-

283 826 429 860 terum
460 820 558 861 haec
586 821 738 875 planta
766 834 894 875 aeque
934 834 985 862 ac
1016 821 1139 876 prior
1179 823 1372 863 occurrit
1411 822 1526 863 foliis
1566 823 1675 864 laci-

287 893 444 946 matis,
473 894 643 935 laciniis
676 893 847 947 divisis,
889 895 1162 948 divaricatis,
1200 896 1327 937 valde
1357 896 1567 953 spinosis,
1609 903 1677 938 at-

287 981 373 1022 que
404 966 503 1009 haec
531 968 766 1023 praecipue
798 974 863 1008 est
893 968 966 1009 illa
995 969 1163 1022 forma,
1214 985 1346 1026 quam
1388 977 1561 1011 autores
1592 969 1674 1010 sub

285 1040 465 1082 nomine
497 1041 538 1081 S.
574 1043 736 1096 asperis
778 1039 947 1097 Hoffin.
982 1057 1007 1083 a
1046 1044 1328 1098 praeeedente
1368 1044 1676 1096 distinxerunt,

287 1115 488 1169 neglecta
517 1114 828 1157 achaeniorum
859 1116 1117 1160 differentia.

415 1252 518 1298 339.
580 1253 923 1296 LACTUCA.
945 1255 996 1297 L.
1055 1257 1104 1298 P.
1127 1251 1257 1300 1764.
1318 1256 1392 1299 W.
1413 1252 1548 1302 1404.

289 1356 358 1409 L.
395 1337 586 1409 satira.
620 1368 672 1408 L.
730 1367 779 1408 P.
802 1367 842 1411 1.
903 1370 976 1412 W.
998 1368 1040 1413 1.

379 1437 467 1508 Θ.
491 1467 535 1508 7,
555 1456 598 1500 8.
614 1457 791 1511 Ignotae
812 1457 978 1512 patriae
989 1459 1138 1514 planta
1161 1458 1323 1514 ubique
1346 1459 1522 1514 copiose
1545 1461 1678 1512 culta,

289 1531 379 1587 jam
419 1531 631 1586 inquilina
672 1532 813 1584 faeta,
861 1539 993 1588 atque
1032 1547 1124 1576 non
1163 1547 1264 1575 raro
1305 1533 1436 1575 etiam
1473 1534 1520 1574 in
1563 1534 1678 1588 agris

291 1612 450 1661 sponte
482 1604 626 1646 obvia.

291 1706 357 1757 L.
395 1705 655 1758 Sem-iola.
688 1716 739 1758 L.
800 1716 848 1757 P.
870 1715 912 1759 9.
972 1717 1046 1760 W.
1071 1728 1139 1762 11.

381 1785 467 1856 Θ.
499 1807 551 1858 7,
573 1806 615 1850 8.
676 1807 726 1846 In
757 1805 927 1860 pascuis
959 1806 1086 1848 siccis
1117 1805 1284 1849 rarior:
1333 1821 1473 1864 prope
1512 1807 1679 1850 Istsel!

291 1880 423 1922 Rees!
471 1881 669 1936 locisque
710 1881 873 1923 vicinis.
905 1903 963 1912 --
1049 1883 1203 1924 Caules
1244 1883 1438 1932 inferne,
1487 1882 1678 1936 foliaque

291 1966 464 2006 aversa,
496 1954 589 1995 basi
621 1956 848 2008 sagittata,
880 1955 1437 2011 runcinato-pinnatifida‚
1478 1955 1677 2010 superio-

290 2042 341 2070 ra
371 2030 638 2082 lanceolata,
670 2030 864 2083 margine
895 2038 938 2070 et
969 2031 1120 2071 subtus
1152 2030 1209 2071 ad
1239 2037 1406 2071 costam
1430 2028 1678 2071 aculeolati.

401 2166 504 2213 340.
568 2168 945 2211 CHONDRKLLA.
966 2171 1015 2211 L.
1076 2169 1278 2214 1>.1765.
1339 2169 1415 2212 W.
1435 2163 1568 2212 1405.

297 2269 360 2322 C.
397 2268 617 2335 juncea.
654 2282 704 2321 L.
764 2280 813 2320 P.
843 2291 877 2321 1.
940 2278 1012 2320 W.
1039 2289 1077 2321 1.

383 2360 449 2415 Ζί.
482 2368 630 2421 7—9.
691 2369 742 2408 In
774 2368 942 2422 pascuis
972 2368 1097 2409 siccis
1129 2375 1173 2409 et
1202 2365 1545 2408 ambarvalibus:
1575 2379 1680 2421 pro-

295 2458 351 2500 pe
392 2443 554 2485 ibimet!
597 2443 829 2484 rarissima.
860 2463 920 2471 —-
994 2441 1119 2482 Folia
1167 2440 1377 2483 radicalia
1427 2441 1684 2491 runcinam,

297 2518 384 2558 cito
417 2517 659 2569 emarcidas,
701 2518 871 2557 caulina
901 2529 1058 2572 parva,
1097 2515 1566 2565 lineari-lanceolata,
1610 2512 1678 2552 in-

297 2591 552 2645 tegerrima3
604 2591 738 2630 caulis
767 2591 1108 2642 minimissimus,
1156 2589 1303 2645 junior
1333 2587 1427 2629 basi
1457 2586 1680 2643 hispidus,

298 2671 492 2705 ceterum
522 2662 847 2718 glabriusculis;
878 2663 1006 2705 flores
1038 2664 1184 2720 parvi,
1215 2662 1336 2704 lutei.

403 2784 506 2831 341.
566 2787 950 2829 PRENANTHES.
973 2789 1023 2829 L.
1084 2789 1131 2829 P.
1155 2788 1283 2833 1766.
1344 2789 1417 2830 w.
1439 2782 1570 2832 1406.

298 2891 361 2942 P.
396 2888 645 2943 muralis,
679 2899 729 2940 L.
791 2898 838 2939 P.
859 2896 931 2941 32.
992 2897 1064 2940 W.
1084 2896 1156 2941 30.
1506 2878 1508 2880 ’
