1784 3328
176 2480 233 2491 -
263 2458 377 2510 320,

181 2554 236 2563 -
258 2530 381 2581 ead„

425 379 725 432 Errores
780 371 1309 445 typographici.

429 745 547 789 linea
574 747 604 792 2
635 753 678 790 et
709 745 761 799 3,
813 745 961 788 cdocsi
1021 744 1050 785 l.
1112 742 1257 785 edocti

372 864 379 872 ,
449 845 507 853 -
566 818 596 864 4
627 822 680 863 ab
712 820 849 873 infra,
883 818 1108 862 adsccndti
1139 819 1169 859 l.
1202 816 1430 858 adscendit

451 918 511 928 --
540 894 595 939 15
627 895 852 937 radicente
883 896 912 935 1.
944 894 1170 935 radicante

453 994 512 1003 —
571 973 599 1016 7
631 971 686 1013 ab
719 971 854 1023 infra,
886 960 1064 1010 salina
1095 970 1124 1008 1.
1157 957 1357 1006 salinus

428 1069 486 1078 -
545 1047 573 1090 6
615 1048 670 1088 ab
712 1047 848 1097 infra,
904 1035 1166 1102 paludosa
1196 1047 1224 1085 1.
1251 1033 1539 1100 paludosus

460 1143 519 1152 —-
578 1122 760 1173 ultima,
801 1111 1102 1180 lasiocaaerpa
1132 1123 1161 1162 1.
1194 1111 1552 1180 Zasiocoerpum

457 1217 516 1228 -
574 1207 630 1252 4,
660 1198 890 1251 uniglumis
921 1200 950 1238 l.
982 1196 1274 1251 uniglumibus

457 1291 516 1302 ·-
549 1281 628 1323 12,
660 1271 811 1312 fruetis
841 1273 871 1312 1.
904 1272 1071 1314 fructus

461 1368 520 1376 —
577 1357 608 1401 4
639 1345 694 1388 ab
718 1346 854 1399 infra,
885 1335 1215 1402 hercynium
1243 1346 1274 1385 l.
1295 1334 1656 1402 hercynieum

463 1442 522 1451 —
582 1420 635 1473 6,
667 1421 856 1461 alterum
888 1423 917 1462 1.
950 1424 1130 1464 alteram

460 1516 518 1525 —
579 1504 602 1544 ς
637 1501 679 1534 et
709 1504 739 1549 4
769 1493 823 1535 ab
856 1496 992 1548 infra,
1024 1500 1079 1538 α.
1108 1480 1167 1553 β.
1199 1495 1228 1535 l.
1262 1483 1323 1559 β.
1353 1501 1411 1559 'y-

450 1589 508 1601 -
540 1567 621 1622 12,
652 1559 919 1610 rudcralis
952 1572 981 1611 l.
1014 1561 1267 1611 ruderale

450 1664 510 1673 —
540 1643 718 1695 ultima,
759 1644 909 1685 ltuosis
940 1646 968 1685 1.
1000 1646 1151 1686 lutosis

454 1739 511 1748 —
540 1716 569 1760 3
601 1717 654 1759 ab
688 1718 823 1770 infra,
855 1720 1029 1760 venosai
1060 1721 1087 1759 l.
1120 1720 1274 1761 venosi>
1344 1761 1347 1770 ¹

454 1813 513 1822 ·-
545 1801 624 1844 ις,
655 1793 822 1834 solume
853 1792 1082 1834 srtiliorem
1113 1794 1141 1833 l.
1175 1794 1315 1834 solum
1347 1790 1602 1832 fertiliorem

454 1887 512 1897 -
571 1865 599 1907 9
631 1865 684 1906 ab
716 1866 852 1919 infra,
885 1867 1081 1907 serriccis
1113 1868 1142 1906 l.
1174 1866 1348 1906 sericeis

454 1960 512 1970 —
571 1940 725 1980 ultima
757 1938 1016 1999 Llitjenbeck
1048 1942 1077 1981 l.
1111 1939 1368 1999 Lit'tjenheck

454 2034 511 2042 -·
545 2013 627 2065 17,
659 2015 718 2055 ila
747 2021 792 2054 ut
825 2016 853 2055 l.
887 2028 989 2070 quae

457 2108 516 2118 —
553 2097 629 2138 12,
663 2088 909 2130 Tlmillilles
940 2090 967 2128 l.
1001 2087 1217 2131 Tlmilliet·

455 2182 513 2192 -
571 2161 600 2203 3
630 2160 684 2202 ab
717 2162 852 2213 infra,
884 2163 1182 2218 glabriusculis
1212 2162 1241 2203 l.
1273 2160 1586 2216 glabriusculus

460 2256 519 2266 —
575 2235 630 2286 7,
661 2243 706 2300 'y
737 2236 766 2276 l.
796 2219 851 2283 (Γ

462 2329 519 2340 --
578 2306 631 2359 1,
661 2310 870 2352 trincrata
903 2303 933 2352 l:
964 2309 1201 2352 trium-vata

462 2402 521 2413 —-
582 2381 635 2432 9,
668 2392 766 2438 post
796 2385 855 2424 M.
888 2384 1120 2440 alpestrcm
1153 2385 1280 2424 inser.
1316 2384 1463 2439 Iloppc

465 2477 524 2487 —
553 2457 703 2498 lecra
737 2459 764 2498 1.
797 2458 965 2499 Listera

440 2530 618 2573 Malaxis
649 2533 782 2574 oesolii
813 2532 843 2572 1.
875 2532 1051 2575 Malaxis
1084 2532 1254 2574 Loesclii
