1784 3328
119 195 187 256 743

123 343 235 387 317.

123 795 238 841 318.

125 1849 241 1922 319'.

612 245 615 250 ,
664 200 1037 244 PENTANDRIA.
1097 202 1194 246 Dm.

286 337 349 387 G.
388 337 867 392 Pneumonanthe.
905 352 951 392 L.
1015 351 1091 392 RS.
1116 351 1184 396 19.
1246 352 1294 396 Ρ.
1317 353 1387 400 16.
1448 355 1519 399 W.
1542 356 1612 401 12.

369 427 436 483 34,
467 437 582 489 8,9.
642 439 692 480 1n
724 442 918 494 erimus,
977 445 1146 497 pascuis
1187 443 1514 486 humidiuscufis
1564 446 1661 486 ubi-

283 524 368 565 que
417 512 613 565 vulgaris.
655 534 712 544 ——-
792 515 945 555 Caules
1005 517 1262 572 plerumque
1321 518 1663 572 adscendentes3

282 584 411 625 flores
442 587 595 641 pauci,
638 587 841 639 formosi,
884 589 1050 628 corolla
1080 589 1239 643 plicata
1268 591 1365 647 plus
1395 592 1570 635 minuve
1593 606 1660 635 sa-

281 664 425 700 turate
455 672 637 714 cyanea,
668 660 791 715 plicis
821 661 1145 703 virescentibus.

286 790 352 842 G.
391 787 723 859 germanica.
769 796 974 842 W'llden.
1035 800 1112 842 RS.
1134 802 1205 845 50.
1266 800 1336 843 W.
1355 800 1426 846 38.

371 884 431 960 β.
462 888 816 937 ramosissima
835 922 851 951 ,
888 896 1036 938 Nobis.

370 982 454 1053 Θ.
485 1001 600 1054 8,9.
660 1002 709 1042 In
750 1001 960 1057 sylvatieis
1002 1006 1044 1040 et
1084 998 1252 1055 pascuis
1293 999 1417 1041 siccis
1457 1001 1662 1044 calcat-eis

283 1076 501 1131 frequens.
533 1097 590 1106 —-
651 1076 829 1117 Corolla
859 1074 1161 1130 quinquefida,
1192 1077 1665 1129 purpureo-coerulea,

284 1151 450 1191 laciniis
490 1150 927 1191 ovato-lanceolatis.
985 1148 1182 1188 Varietas
1223 1134 1269 1210 β
1299 1147 1444 1189 differt
1484 1150 1607 1191 caule
1638 1164 1664 1191 a

284 1224 377 1264 basi
418 1223 519 1264 inde
559 1223 877 1274 ramosissimo,
928 1223 1056 1262 ramis
1097 1222 1429 1276 approximatis,
1488 1225 1662 1265 corollis

285 1296 544 1338 abbreviatis
584 1298 774 1351 calycem
806 1309 960 1351 parum
999 1294 1332 1347 excedentibus,
1372 1295 1488 1337 unde
1520 1297 1662 1338 diver-

286 1386 380 1412 sum
433 1371 612 1411 omnino
665 1369 858 1410 habitum
909 1368 1063 1409 induit.
1142 1368 1362 1410 Prae’terea
1410 1370 1663 1423 magnitudo

285 1447 450 1501 plantae
481 1457 562 1499 pro
593 1445 687 1486 solo
728 1443 860 1483 natali
903 1442 1027 1483 valde
1059 1442 1273 1483 variabilis
1305 1458 1330 1484 a
1359 1445 1575 1484 triunciali
1608 1445 1664 1486 ad

286 1517 630 1573 sesquipedalem
691 1517 987 1568 altitudinem,
1053 1517 1182 1557 ramis
1233 1516 1488 1558 internodiis
1547 1532 1665 1559 nunc

286 1591 582 1645 longioribus,
624 1605 741 1632 nunc
771 1589 1057 1632 brevioribus.
1119 1590 1369 1631 Secundum
1399 1591 1539 1646 Engl.
1574 1594 1662 1632 Bo-

286 1676 401 1721 tany
432 1665 530 1706 haec'
559 1678 661 1706 vera
690 1673 755 1707 est
783 1665 953 1708 Linnaei
984 1664 1038 1706 G.
1072 1663 1305 1718 Anam-ella,
1337 1664 1458 1720 quod
1490 1673 1663 1708 autores

284 1739 448 1780 laudati
478 1745 651 1793 negant.
1589 1738 1598 1744 ‘

288 1871 354 1924 G.
388 1869 690 1922 Amarella.
735 1875 886 1922 Wczzd.
949 1876 1026 1918 RS.
1050 1876 1121 1921 51.
1182 1875 1230 1918 P.
1251 1874 1323 1922 40.
1383 1878 1453 1921 W.
1475 1877 1545 1922 39.

375 1965 460 2037 Θ.
491 1985 544 2036 8,
564 1984 605 2027 9.
666 1984 715 2025 In
747 1983 917 2040 pascuis
949 1982 1161 2037 sjlvaticis
1194 1983 1421 2025 calcareis:
1475 1985 1664 2037 limine,

285 2061 372 2116 M.;
394 2058 603 2116 Bielejeld
629 2059 676 2098 ιἰι
707 2057 925 2098 montibus
950 2056 1184 2110 Alcenberg
1206 2064 1244 2095 et
1271 2057 1573 2112 Branclsberg,
1597 2059 1666 2113 A.;

289 2133 558 2188 Langerich,
601 2133 646 2173 B.
681 2153 737 2162 —·
793 2131 948 2171 Planta
977 2143 1096 2184 saepe
1127 2144 1226 2169 cum
1257 2130 1564 2184 praecedente,
1596 2134 1666 2172 cui

286 2209 525 2258 simillima,
572 2206 752 2248 confusa
780 2211 910 2259 atque
949 2204 1128 2244 ulterius
1158 2203 1467 2257 examinanda,
1517 2205 1665 2246 nobis-

287 2297 388 2323 cum
419 2280 615 2321 nondum
655 2279 1000 2329 communicata,
1051 2276 1106 2318 ab
1147 2276 1287 2317 amico
1327 2277 1447 2332 prius
1487 2278 1665 2320 laudato

287 2363 432 2397 autem
471 2353 710 2395 secundum
750 2351 927 2392 sturmii
965 2351 1030 2390 Fl.
1071 2363 1205 2403 germ.
1257 2351 1497 2390 examinata
1536 2358 1667 2405 atque

290 2442 369 2484 pro
410 2435 529 2468 certa
568 2426 770 2467 indicata.
858 2424 1013 2466 Differt
1051 2422 1105 2463 ab
1146 2423 1219 2463 illa
1249 2424 1371 2463 caule
1409 2424 1668 2479 plerumque

288 2502 474 2552 minore,
542 2500 653 2540 foliis
685 2498 1018 2554 angustioribus,
1076 2496 1300 2552 praecipue
1340 2509 1442 2537 vero
1486 2497 1669 2538 corollae

289 2575 453 2617 laciniis
485 2574 699 2627 angustis,
747 2572 1024 2623 lanceolatis,
1082 2584 1163 2611 nee
1194 2569 1353 2624 ovatis3
1405 2582 1430 2610 a
1461 2577 1669 2625 sequente

288 2649 401 2691 foliis
432 2647 682 2700 latioribus,
713 2654 876 2688 statura
906 2643 1167 2695 robustiore,
1198 2642 1377 2683 floribus
1409 2642 1545 2698 duplo
1577 2657 1668 2683 ma-

292 2723 483 2778 joribus,
527 2722 719 2777 calycum
753 2719 954 2760 dentibus
986 2717 1169 2757 corollae
1198 2718 1370 2756 tertiam
1401 2722 1571 2772 partem
1602 2716 1670 2757 vix

289 2794 609 2852 superantibus.
670 2793 834 2836 Eadem
873 2803 966 2833 esse
1006 2789 1165 2832 dicitur
1208 2802 1307 2831 cum
1348 2787 1403 2831 G.
1444 2789 1668 2832 lancifolia

296 2873 459 2912 Besser.
