1784 3328
120 175 150 223 4

160 325 240 372 11.

168 1227 252 1273 13.

173 1628 255 1679 14.

178 1952 260 2000 15.

181 2290 263 2336 16.

186 2685 248 2731 17

666 175 948 218 DIANDRIA.
1008 175 1284 219 MONOGYMA.

284 315 357 370 V.
394 314 777 385 serpyllifolia.
835 323 888 366 L.
932 323 1016 365 RS.
1041 319 1114 366 49.
1174 321 1225 363 P.
1249 320 1320 366 52.
1391 320 1458 366 W
1480 321 1551 367 28.

365 415 439 474 ZC.
482 422 661 467 5—10.
711 421 888 478 Ubique
912 421 1117 476 frequens
1139 422 1183 461 in
1204 421 1374 477 pascuis
1394 428 1438 463 et
1457 420 1672 477 sylvaticis

287 499 490 542 humidis.
529 516 588 530 ·-··
654 496 806 537 Variat
834 508 916 551 pro
957 496 1038 536 soli
1079 495 1346 536 fecunditate
1374 495 1673 549 magnitudine

288 581 418 629 atque
450 572 563 612 foliis
593 570 690 626 plus
719 570 914 609 minusve
942 568 1212 620 rotundatis,
1251 581 1335 614 nec
1354 581 1446 609 non
1474 569 1519 607 in
1548 567 1673 608 siccis

290 647 415 687 caule
454 643 817 699 subpubescente.
893 641 1122 682 Veronicis
1161 641 1420 697 pedunculis
1459 641 1675 682 solidariis

292 718 449 761 eodem
488 716 583 772 jure
632 716 803 756 videtur
843 713 1154 769 adscribenda,
1205 728 1337 770 quam
1374 714 1430 758 V.
1471 727 1676 771 praecox,

291 791 470 846 agrestis
500 798 545 832 et
573 791 672 831 aliae
702 790 963 832 consimiles.

231 914 245 932 .
290 880 362 933 V.
400 878 703 930 scutellata.
777 883 827 924 L.
868 883 951 924 RS.
975 880 1057 937 65,
1115 881 1168 924 P.
1189 879 1261 925 33.
1331 879 1496 926 W32.

371 969 445 1027 ᾙ.
489 978 542 1029 7,
581 975 622 1019 8.
663 976 714 1015 In
735 975 859 1017 fossis
874 1005 886 1029 ,
914 977 1023 1018 locis
1045 977 1263 1020 inundatis
1283 978 1482 1033 vulgaris.
1500 999 1560 1009 ·—
1587 978 1677 1021 Va-

291 1052 376 1095 riat
397 1051 441 1091 in
461 1049 582 1106 aquis
605 1056 750 1090 erecta
770 1056 814 1090 et
835 1052 1051 1104 vegetior,
1092 1052 1136 1091 in
1170 1052 1393 1094 exsiccatis
1423 1054 1562 1093 multo
1593 1052 1675 1092 mi-

292 1126 401 1178 nor,
433 1123 728 1176 adscendens,
757 1124 985 1178 radicans,
1016 1126 1062 1165 in
1091 1126 1215 1167 siccis
1237 1139 1354 1181 saepe
1374 1124 1632 1181 pubescens.

292 1213 364 1266 V.
400 1209 708 1279 Anagallis.
759 1215 810 1258 L.
851 1217 935 1258 RS.
961 1213 1031 1260 64.
1084 1218 1134 1258 P.
1158 1216 1229 1261 32.
1279 1217 1346 1260 W.
1370 1216 1442 1260 31.

376 1296 450 1353 ᾙ.
503 1301 651 1346 6-9,
695 1301 746 1341 In
767 1301 918 1354 fossis,
957 1301 1130 1355 rivulis,
1168 1303 1363 1359 locisque
1386 1304 1558 1359 aquosis
1579 1301 1676 1344 ubi-

297 1393 395 1436 que.
414 1400 473 1409 -—
500 1377 657 1417 Planta
675 1375 900 1428 insigniter
919 1376 1231 1431 polymorpha,
1261 1376 1412 1418 habitu
1433 1377 1584 1418 stricto
1606 1384 1682 1418 aut

295 1453 474 1510 patulo,
525 1463 843 1505 nonnunquam
884 1450 1007 1490 caule
1047 1449 1140 1490 basi
1180 1450 1426 1504 radicente,
1477 1464 1560 1492 nec
1589 1463 1681 1492 non

298 1523 596 1579 magnitudine
627 1537 653 1564 a
678 1521 936 1578 tripollicari
965 1522 1019 1563 ad
1040 1522 1287 1578 bipedalem
1307 1523 1595 1566 altitudinem.

300 1611 793 1679 V..Beceabunga.
852 1615 900 1655 L.
943 1615 1025 1656 RS.
1052 1613 1122 1657 62.
1183 1614 1234 1654 P.
1261 1611 1333 1657 31.
1404 1605 1564 1657 W.'30.

381 1695 454 1752 ZC.
498 1700 644 1746 6—9.
697 1700 808 1741 Cum
827 1699 989 1756 priori,
1020 1713 1161 1756 neque
1183 1700 1324 1741 minus
1345 1700 1575 1756 frequens,
1603 1712 1681 1741 ne-

302 1792 388 1834 que
417 1775 559 1817 minus
579 1772 866 1830 polymorpha
880 1803 892 1826 ,
931 1774 1057 1820 facile
1082 1781 1229 1814 tamen
1249 1774 1362 1815 foliis
1383 1774 1588 1830 utrinque
1607 1786 1681 1816 ro-

302 1851 495 1893 tundatis
508 1879 521 1902 ,
552 1849 731 1903 aliisque
751 1847 865 1888 notis
886 1845 940 1888 ab
960 1847 1034 1888 illa
1054 1846 1354 1888 discernenda.

303 1938 375 1990 V.
414 1934 727 1988 officinalis.
798 1941 848 1982 L.
891 1941 974 1982 RS.
999 1939 1070 1984 80.
1131 1940 1182 1980 P.
1205 1938 1275 1984 17.
1344 1939 1505 1984 W17.

386 2021 460 2078 26.
503 2028 530 2072 6
550 2051 607 2059 -
626 2026 668 2071 S.
726 2026 778 2066 In
809 2025 1021 2082 sylvaticis
1054 2025 1339 2066 sterilioribus
1379 2025 1597 2081 frequens.
1627 2046 1685 2057 --

304 2104 456 2146 variat
485 2102 663 2143 floribus
689 2100 806 2142 albis‘
828 2107 872 2142 et
897 2099 1031 2140 dilute
1051 2100 1306 2156 purpureis,
1335 2112 1418 2141 nec
1437 2113 1528 2142 non
1546 2099 1687 2143 rarius

305 2177 488 2220 racemis
511 2175 776 2231 compositis.

307 2264 379 2315 V.
419 2272 702 2313 montana.
774 2265 825 2306 L·
876 2266 960 2309 RS.
984 2261 1086 2311 104.
1136 2268 1187 2309 P.
1209 2266 1281 2311 38.
1339 2267 1408 2312 W
1438 2265 1510 2312 37.

392 2346 464 2403 24.
508 2354 560 2406 5,
593 2353 634 2396 6.
692 2352 744 2392 In
774 2351 899 2408 sylvis
928 2352 1169 2405 umbrosis,
1209 2351 1326 2394 haud
1357 2351 1466 2393 adeo
1486 2363 1599 2393 rara.
1629 2370 1687 2384 ·—

308 2429 503 2471 Racemis
551 2425 827 2483 paucifloris,
879 2428 1055 2482 capsula
1102 2425 1339 2480 majuscula
1359 2454 1372 2477 ,
1422 2424 1689 2479 orbiculata,

310 2513 583 2557 compressa,
615 2499 783 2551 ciliata,
813 2507 938 2541 acute
970 2500 1237 2553 marginata,
1257 2499 1382 2541 facile
1402 2511 1427 2540 a
1456 2506 1690 2554 sequente,

312 2577 383 2618 cui
407 2582 618 2617 caeterum
638 2572 785 2614 similis
799 2600 813 2626 7
845 2571 1163 2626 distinguenda.

312 2665 384 2716 V.
421 2660 791 2724 Chamaedrys.
863 2665 915 2707 L.
967 2664 1049 2705 RS.
1073 2663 1144 2706 97.
1204 2663 1255 2704 P.
1281 2662 1352 2706 39.
1408 2664 1478 2708 W
1497 2663 1571 2710 38.

394 2746 467 2803 XC.
509 2752 657 2795 5—7.
689 2749 992 2804 Vulgatissima
1012 2748 1056 2788 in
1075 2748 1315 2801 umbrosis,
1345 2749 1486 2790 rarior
1505 2749 1551 2790 in
1570 2747 1686 2804 apri-

317 2829 391 2871 cis.
421 2849 480 2860 --
509 2825 652 2868 Caulis
671 2824 927 2882 plerumque
945 2821 1145 2865 bifariam
1163 2822 1355 2879 pilosus;
1385 2823 1489 2865 solia
1511 2821 1685 2864 sessilia.
