1784 3328
545 265 548 268 >
578 232 940 278 ICOSANDRIA.
970 234 972 237 ’
1001 236 1178 280 Monoc-
1424 286 1430 292 ,
1534 233 1625 284 143

80 386 194 434 595.
240 375 305 428 Ρ.
343 373 666 428 domestica.
700 384 751 426 L.
812 384 861 426 P.
883 383 956 428 26.
988 382 1059 425 W.
1080 381 1152 428 29.

327 489 387 543 Γ).
417 501 459 542 5.
519 497 569 539 In
601 497 842 549 arboreus,
871 495 1046 552 sepibus
1087 502 1130 537 et
1162 494 1205 535 in
1238 494 1423 538 dumetis
1463 500 1623 554 passim
1668 484 1670 487 Ι

239 575 442 629 vulgaris.
484 594 543 602 —
602 570 826 628 (Gemeine
857 567 1110 627 Pstaume.).
1154 592 1211 600 —
1271 570 1399 611 Culta
1437 575 1624 615 maxime

241 650 401 702 variat;
433 646 510 688 scd
542 646 672 687 etiam
703 647 747 686 in
779 653 1019 702 spontanea
1050 658 1073 686 e
1103 644 1340 686 seminibus
1372 659 1473 686 casu
1506 648 1623 702 clap-

242 725 298 765 sis
331 729 457 764 enata
487 719 588 762 duae
619 721 843 776 praecipue
873 720 1099 760 varietates
1130 720 1231 760 satis
1263 727 1513 761 constantes
1544 720 1625 761 ob-

243 804 506 847 servantur,
558 795 693 836 altera
744 793 956 835 fructibus
998 807 1147 835 mense
1186 795 1380 847 Augusto
1421 795 1626 847 maturis,

242 873 374 929 paulo
397 869 633 925 majoribus
649 899 661 921 ,
694 868 748 909 ad
772 867 1076 909 exsiccandum
1107 875 1181 908 aut
1202 868 1486 923 coquendum
1510 868 1627 910 haud

243 946 354 1000 aptis
373 975 385 996 ‚
427 944 562 984 altera
593 955 696 983 vero
727 943 942 995 serotina,
984 941 1197 983 fructibus
1229 942 1286 983 ad
1315 957 1442 983 usum
1474 942 1625 984 dome-

236 1018 401 1060 ‘sticum
433 1016 631 1073 optimis,
682 1017 914 1058 vernacula
952 1029 1059 1057 voce
1090 1017 1398 1074 Backpflaume
1436 1017 1626 1060 laudata.

79 1138 195 1184 596.
243 1137 306 1189 P.
344 1124 594 1185 insititia.
628 1141 679 1182 L.
739 1140 787 1183 P.
809 1141 880 1186 30.
911 1142 982 1185 w.
1004 1142 1076 1186 30.

327 1248 384 1303 Β.
416 1266 454 1308 ς.
522 1255 573 1296 In
605 1253 817 1307 dumetis,
848 1244 1096 1310 13raescrtim
1126 1254 1221 1296 solo
1253 1255 1452 1298 calcareo
1483 1263 1527 1298 et
1556 1270 1627 1299 ar-

243 1334 426 1388 gillaceo
458 1344 547 1372 non
577 1342 691 1370 rara.
731 1350 790 1359 —
851 1328 1044 1369 Omnino
1078 1328 1335 1370 intermedia
1366 1331 1480 1371 inter
1509 1346 1628 1387 prae-

243 1407 472 1448 cedentem
503 1412 545 1445 et
573 1411 841 1459 sequentem.
902 1402 1055 1443 variat
1096 1404 1213 1443 culta
1253 1403 1465 1447 fructibus
1494 1405 1628 1460 nigris

244 1487 289 1522 et
319 1477 666 1521 flavescentibus.
694 1500 755 1508 -
814 1476 1361 1533 (Kriechen-Pflaume.)

81 1601 198 1648 597.
245 1599 308 1650 Ρ.
346 1595 589 1664 spinosa.
626 1606 677 1646 L.
738 1604 786 1645 P.
812 1612 881 1657 3¹·
913 1603 986 1645 W.
1007 1601 1080 1645 32.

329 1710 388 1764 Β.
425 1728 466 1772 3,
495 1714 537 1761 4.
599 1716 649 1757 In
681 1714 891 1766 dumetis,
923 1714 1134 1771 sylvaticis
1164 1714 1327 1771 ubique
1347 1717 1537 1773 copiose,
1569 1740 1628 1750 ..-

245 1794 451 1848 Quamvis
493 1780 771 1847 praecedenti
812 1789 951 1830 affinis
992 1789 1291 1845 fructibusque
1330 1792 1458 1833 solito
1490 1793 1628 1849 majo-

245 1868 366 1911 ribus
407 1867 554 1917 ludat,
605 1871 726 1905 certo
768 1862 1018 1903 discrimine
1058 1863 1407 1918 pedunculorum
1439 1867 1627 1921 longitu-

244 1942 346 1983 dine
371 1942 460 1981 sere
493 1939 663 1995 calycis‚
694 1950 774 1978 nec
805 1950 902 1976 eum
934 1936 1067 1991 triplo
1099 1937 1397 1994 quadruplove
1417 1954 1628 1996 superan-

243 2016 369 2067 tium,
399 2022 686 2070 temporeque
708 2010 892 2051 ssorendi
914 2010 1015 2050 satis
1038 2010 1272 2066 discrepat.
1295 2035 1353 2042 —
1383 2011 1627 2068 (Schwarz-

245 2089 389 2139 dom,
432 2082 867 2142 Schlelzenpflaume).
908 2106 967 2114 —
1025 2084 1073 2125 P.
1106 2084 1284 2126 insititia
1314 2089 1629 2130 nonnullorum

245 2169 475 2204 auctorum
508 2160 633 2213 hujus
665 2158 837 2199 videtur
868 2172 958 2199 esse
990 2172 1110 2200 mera
1144 2159 1341 2201 varietas.

336 2249 443 2290 Obs.
506 2248 712 2290 Caeterac
755 2246 880 2301 hujus
913 2248 1079 2301 generis
1111 2248 1290 2303 stripes‚
1342 2250 1384 2289 in
1417 2248 1554 2291 hortis
1585 2258 1630 2294 et

246 2323 374 2366 cultis
405 2323 583 2376 obviae,
613 2335 891 2378 nequaquam
919 2322 1157 2378 inquilinae
1186 2329 1288 2364 sunt
1318 2322 1560 2368 habendae.

507 2535 1364 2591 TRIGYNIA.

460 2687 561 2732 221.
623 2687 849 2729 SORBUS.
880 2687 930 2729 L.
991 2688 1039 2729 P.
1063 2686 1191 2731 1227.
1222 2687 1292 2729 W.
1313 2687 1413 2733 989.

82 2792 196 2839 598.
248 2788 302 2841 S.
340 2787 653 2857 aucuparia.
691 2801 739 2841 L.
800 2799 848 2841 P.
870 2799 910 2843 6.
943 2797 1014 2840 W.
1037 2797 1078 2841 1.

330 2887 392 2941 1'7·
417 2898 471 2949 5,
493 2894 644 2939 6.1n
675 2896 887 2952 sylvaticis
918 2895 1094 2950 ubique.
1123 2916 1182 2927 —
1212 2893 1628 2953 (Vogelbeerbaum).
