1784 3328
598 158 1014 201 PRAEFATIO.
1550 176 1629 204 1111

65 302 455 371 nonnullaque
491 299 633 362 alia,
705 317 836 369 quae·
875 296 998 366 jam
1045 298 1105 352 in
1150 319 1318 354 usum
1370 314 1626 356 nostrum

64 410 388 453 convertere
423 417 543 453 non
577 398 899 468 potuimus,
961 397 1075 450 illi-s
1133 399 1331 452 deberi
1391 401 1630 455 candide

66 500 414 570 profitemur.

169 666 288 719 Vos
325 674 543 728 autem,
603 663 705 736 qui
740 664 943 733 majori
978 683 1081 718 nos
1129 664 1317 717 officio
1354 664 1636 716 devinxis-

69 764 175 827 tis,
229 764 331 834 qui
365 763 660 816 schedulas
696 775 913 815 nostras
961 763 1153 816 critico
1190 761 1472 830 subjicere
1511 783 1635 815 exa-

71 863 247 926 mini,
285 874 453 933 atque
489 880 608 915 non
642 863 853 916 minori
887 862 1288 914 benevolentia
1317 881 1489 929 quam
1516 881 1638 913 eru-

72 961 289 1015 ditione
326 961 745 1014 observationes
783 961 1178 1032 suppeditare,
1243 961 1419 1012 dubia
1456 963 1635 1013 solve-

72 1082 165 1126 re,
215 1080 446 1114 erronea
483 1060 783 1131 castigare,
821 1061 973 1112 haud
1007 1059 1316 1125 abnuistiS,
1359 1059 1637 1130 colendis-

73 1162 217 1214 sime
269 1160 462 1213 Praeses
495 1156 532 1210 d
576 1158 1006 1212 Schlechtendal!
1070 1169 1246 1229 tucsue
1292 1157 1639 1210 amicissime

73 1262 144 1314 D.
191 1260 404 1313 Weihe!
438 1289 506 1297 ·—-
540 1257 801 1324 (nomina
839 1257 900 1310 in
935 1257 1168 1310 seientia
1203 1268 1391 1311 nostra
1427 1258 1643 1310 amabi-

75 1361 122 1412 li'
156 1358 367 1430 insigni
402 1356 521 1426 jam
558 1356 882 1409 celebritate
917 1357 1162 1422 notata,)
1195 1387 1264 1395 —
1309 1357 1486 1410 nolite
1525 1376 1643 1428 gra-

77 1458 180 1511 tias
216 1468 432 1510 nostras
470 1473 762 1525 spernere,
801 1455 1022 1508 sincero
1059 1455 1252 1508 animo
1272 1457 1605 1524 persolutaS.

179 1625 375 1676 Plures
411 1621 787 1691 proculdubio
821 1620 1277 1690 botanophili-in
1299 1621 1477 1690 patria
1512 1640 1642 1673 nos-

81 1733 161 1776 tra
198 1723 441 1789 degunt,
504 1739 646 1797 qufos
685 1721 922 1773 salutare
970 1719 1137 1772 nobis
1173 1721 1435 1772 nondum
1471 1719 1646 1772 conti-

80 1823 159 1894 git
182 1860 196 1884 ,
232 1823 325 1872 vel
359 1820 871 1890 (suorum‘nomina
906 1837 1010 1872 nos
1045 1818 1288 1890 fugiunt.
1334 1820 1518 1870 Hosee
1554 1838 1648 1870 au-

80 1931 196 1972 tem
230 1937 352 1970 non
386 1918 576 1969 minus
615 1936 678 1972 ae
716 1918 862 1980 illos,
903 1935 1146 1987 quorum
1167 1915 1405 1985 jamjam
1442 1918 1649 1988 gaude-

82 2037 208 2070 mus
246 2015 523 2077 amicitia,
570 2035 863 2087 rogamus,
900 2026 962 2068 ut
1007 2017 1416 2068 benevolenter
1452 2017 1648 2068 certio-

83 2134 169 2167 res
204 2133 307 2167 nos
343 2115 579 2167 reddere
615 2114 794 2166 velint
816 2155 830 2178 ,
895 2114 1090 2185 siquid
1132 2113 1267 2166 novi
1317 2126 1409 2166 aut
1446 2114 1507 2167 in
1543 2118 1648 2167 hoe

84 2214 388 2282 prodromo
425 2212 620 2265 omissi
659 2232 688 2264 e
726 2233 783 2264 re
822 2214 1077 2266 herbaria
1124 2213 1237 2265 illis
1285 2216 1643 2267 observatum

85 2313 269 2366 suerit.
357 2312 640 2365 Addenda
679 2312 779 2363 ista
816 2324 984 2382 atque
1023 2313 1410 2376 emendanda,
1466 2314 1649 2365 nomi-

85 2411 256 2462 nibus
296 2429 491 2462 eorum
530 2411 838 2480 inscriptis,
908 2412 966 2462 in
1015 2411 1343 2463 mantissam
1389 2414 1646 2474 collecta,

87 2510 436 2576 inposterum
474 2521 603 2560 sunt
642 2522 914 2563 secutura.
991 2511 1390 2563 Remi-damini
1440 2523 1647 2574 autem,

90 2606 285 2669 amici,
346 2608 578 2659 maximi
628 2609 981 2677 praeceptoris
1030 2611 1394 2662 sententiam:
1456 2613 1651 2662 herba-

95 2705 238 2756 rium
276 2717 531 2772 praestare
569 2708 727 2758 omni
769 2708 940 2759 iconi!
1006 2727 1190 2777 neque
1233 2710 1406 2760 labori
1447 2711 1650 2776 exiguo

95 2803 334 2872 parcite,
374 2815 430 2854 ut
467 2824 690 2876 semper
727 2807 1159 2875 comparationis
1199 2819 1251 2859 et
1289 2807 1653 2860 examinatio-
