1784 3328
650 191 974 237 TRIANDRIA.
1034 193 1131 236 Dic.
1575 194 1631 238 25

319 353 394 413 u·
454 361 498 416 6,
519 362 560 406 7.
582 359 632 402 In
644 360 780 416 pratis
792 357 1122 399 humidiusculis
1144 363 1187 398 et
1198 357 1409 412 sylvatieis
1431 358 1526 398 udis
1542 360 1633 398 vul-

235 440 365 494 garis.
406 459 466 468 -
521 435 573 475 In
613 435 785 491 pascuis
817 441 860 475 et
900 433 1035 488 pratis
1073 431 1257 486 spieulae
1297 437 1397 470 ante
1437 432 1636 472 anthcsin

235 515 458 567 eleganter
479 509 636 552 nitidae
664 515 958 565 purpuratae,
991 507 1036 547 in
1058 504 1277 547 umbrosis
1308 502 1497 545 humidis
1534 518 1635 547 vero

237 587 416 630 albidae.

75 709 193 758 103.
237 703 309 758 A.
346 704 612 756 flexuosa.
681 713 731 754 L.
764 712 842 753 RS.
866 710 906 756 1.
937 709 987 751 P:
1010 707 1079 754 11.
1105 706 1176 750 W.
1200 707 1244 751 8.

320 804 394 862 zl-
454 812 496 865 6,
507 812 550 855 7.
572 811 623 852 In
635 811 850 868 sylvaticis
873 809 998 852 siccis
1012 807 1302 863 frequens.-
1322 801 1547 844 Pauieulae
1567 813 1636 842 ra-

239 889 300 931 mi
329 889 590 945 plerumque
619 885 814 927 flexuosi.

77 1009 194 1062 104·
240 981 310 1061 A.
346 1004 646 1075 uliginosa.
726 1011 871 1056 Wihe
895 1020 935 1052 et
968 1008 1118 1051 Nobis.

237 1105 551 1161 Deschampsia
581 1104 789 1145 discolor.
821 1102 856 1143 R
877 1108 920 1144 ct
940 1101 982 1142 S.
1013 1100 1092 1140 Rs.
1117 1097 1230 1150 320,
1264 1095 1306 1140 2.
1367 1089 1425 1151 (T)

321 1195 394 1252 Ζί.
457 1202 501 1255 8,
536 1201 577 1245 9.
610 1201 661 1241 In
692 1199 916 1255 uliginosis
945 1197 1149 1248 turi'osis,
1180 1208 1299 1250 saepe
1321 1193 1365 1233 in
1396 1194 1489 1249 ipsa
1502 1204 1637 1247 aqua:

242 1276 498 1322 Bentheim!
543 1276 762 1317 Gronau!
802 1272 975 1316 IilzecIe!
1021 1269 1242 1313 Bocholt!
1281 1291 1340 1298 —-
1417 1267 1573 1308 Diss'ert
1616 1281 1642 1307 a

240 1351 549 1410 praecedente,
585 1350 655 1391 cui
686 1349 812 1391 valde
843 1347 1015 1389 similis:
1058 1345 1171 1385 soliis
1203 1341 1514 1397 angustissimis
1546 1341 1640 1395 pla-

239 1427 309 1467 nis
341 1427 410 1468 vel
443 1425 743 1480 complicatis,
773 1436 866 1476 nec*
886 1417 1335 1462 tereti-filisormihus
1368 1415 1546 1465 solidis,
1588 1413 1640 1453 li-

242 1501 344 1555 gula
371 1501 502 1553 longa
533 1498 805 1549 acuminata,
845 1495 1049 1551 panicula
1086 1493 1219 1546 magis
1251 1490 1514 1541 multiflora,
1553 1487 1641 1543 spi-

244 1575 353 1615 culis
386 1573 521 1628 duplo
545 1571 813 1622 minoribus,
845 1569 1000 1624 glumis
1023 1565 1346 1617 obtusioribus,
1378 1564 1468 1604 sere
1491 1576 1640 1618 aequa-

241 1647 390 1699 libus,
441 1646 631 1688 flosculis
664 1647 802 1687 multo
835 1642 1104 1694 minoribus,
1155 1642 1294 1682 altero
1336 1639 1404 1681 axi
1438 1640 1642 1691 elongato

244 1721 476 1763 dimidium
507 1720 676 1761 flosculi
708 1718 924 1760 inferioris
956 1716 1176 1773 aequanti,
1213 1728 1296 1756 nec
1319 1720 1518 1769 quartam
1551 1712 1642 1766 ejus

241 1804 415 1853 partem
456 1796 524 1835 vix
567 1794 821 1846 attingenti,
873 1791 1115 1843 insidente,
1164 1790 1333 1830 valvula
1364 1788 1546 1829 corollae
1576 1786 1641 1825 in-

245 1870 407 1911 seriore
465 1868 721 1922 latiuscula3
791 1879 928 1923 porro
978 1867 1078 1907 loco
1131 1863 1292 1916 natali,
1354 1869 1644 1918 temporeque

245 1943 448 1987 florendi.

83 2070 196 2117 105.
249 2063 318 2115 A.
355 2078 678 2113 canescens,
748 2069 798 2109 L.
827 2066 875 2108 P.
912 2064 979 2109 15.
1012 2063 1082 2106 W.
1110 2063 1181 2108 12.

246 2161 585 2219 Corynephorus
618 2171 870 2202 canescenS.
932 2157 982 2197 P.
1019 2157 1179 2197 Beazw.
1241 2153 1320 2194 RS.
1350 2151 1464 2206 331,
1499 2152 1538 2197 1.

327 2252 401 2310 Z(-
467 2258 495 2302 6
525 2280 584 2289 -
612 2257 654 2302 8.
706 2256 757 2296 In
789 2254 982 2297 arenosis
1013 2251 1231 2295 sterilibus
1257 2251 1447 2307 copiose.

366 2445 438 2491 37.
501 2442 750 2486 AVENA.
811 2441 859 2482 L.
892 2438 971 2481 Rs.
1002 2437 1103 2482 328.
1134 2436 1182 2480 P.
1216 2434 1315 2480 179.
1346 2435 1419 2478 W.
1442 2433 1542 2481 142.

86 2578 200 2624 106.
248 2566 316 2619 A.
353 2562 542 2615 sativa.
613 2572 663 2613 L.
694 2570 773 2611 Rs,
793 2565 836 2611 4.
897 2568 1010 2619 ιη.
1071 2565 1143 2608 w.
1167 2564 1235 2609 13.

327 2653 420 2723 (Ξ).
464 2671 506 2722 6,
519 2671 560 2712 7.
584 2663 1124 2720 Plantaincertaepawiae,
1145 2662 1309 2717 ubique
1323 2663 1523 2703 culta.—
1562 2664 1645 2704 Va.

252 2747 334 2789 riat
365 2744 577 2786 fructibus
610 2743 763 2794 fuscis,
796 2755 876 2782 nec
907 2752 995 2781 non
1029 2737 1204 2793 ¹spiculis
1237 2736 1422 2776 uiutieis.

97 2879 205 2925 107.
255 2863 322 2916 Α.
360 2859 661 2914 orientalis.
734 2868 954 2910 swa-eber.
990 2866 1067 2906 Rs.
1099 2867 1140 2907 5.
1204 2861 1314 2901 us».
1380 2859 1449 2900 w.
1482 2861 1548 2912 ω.
