1784 3328
67 653 146 699 76·

69 1707 150 1753 78.

66 2081 149 2128 79.

64 2835 146 2879 80.

626 221 950 267 TRIANDRIA.
1009 226 1107 268 Dic.
1534 229 1594 276 19

277 368 373 444 Θ.
422 389 476 442 7,
505 388 549 433 8.
608 388 658 429 In
682 389 810 430 cultis
831 395 876 430 et
897 388 1072 430 incultis
1096 392 1292 433 arenosis
1322 394 1486 452 ubique
1517 411 1592 440 ρο.

194 474 333 530 piose.
357 494 412 503 —
443 471 567 512 Folia
598 471 866 527 vaginaeque
884 471 1074 525 glabrae.
1096 471 1295 514 Varietas
1327 461 1399 535 β,
1438 481 1594 533 glumis

197 549 300 589 villo
321 547 460 588 denso
492 545 671 598 obsim,
701 545 907 602 frequens
927 559 1069 602 prope
1100 546 1330 592 Dorscen!

195 651 259 703 P.
295 648 637 719 Crus-galli.
704 661 756 702 L.
777 659 826 700 P.
849 656 920 702 14.
952 658 1024 701 W.
1057 657 1128 703 13.

194 750 495 793 Echinochloa
527 751 637 792 Crus
671 750 785 804 galli.
819 750 870 790 P.
895 751 1054 790 Beazw.
1087 748 1166 790 RS.
1197 749 1311 806 270,
1344 752 1387 796 6.

283 828 384 901 Θ.
414 849 467 901 7,
507 847 550 891 8.
612 847 664 887 In
699 848 811 902 agris
843 853 888 888 et
917 847 1044 888 cultis
1076 846 1290 889 sabulosis
1321 851 1495 905 vulgare
1525 853 1593 894 ni-

195 924 278 965 mis
309 924 474 965 vitium.
506 943 566 953 —-
617 921 771 964 Variat
801 922 932 978 spicis
975 922 1161 963 aristatis
1192 930 1236 963 et
1264 925 1462 979 muticis,
1511 941 1594 970 nec

195 1012 290 1040 non
340 1000 491 1040 colore
533 997 731 1039 omnium
771 997 963 1053 partium
1002 997 1271 1040 flavescente
1312 1006 1388 1042 aut
1426 1014 1593 1059 purpu-

194 1080 423 1125 rascente‚
462 1079 595 1127 atque
625 1071 926 1125 magnitudine
956 1072 1087 1113 varia.

136 1213 147 1226 .
197 1177 260 1230 P.
295 1174 712 1236 verticillatum.
782 1185 833 1227 L.
863 1185 912 1226 P.
942 1180 987 1229 4.
1029 1186 1102 1228 W.
1133 1184 1177 1230 3.

195 1278 362 1320 Setaria
395 1277 665 1318 verticillata.
730 1276 783 1317 P.
821 1277 983 1318 Βεαιιν.
1023 1275 1103 1316 RS.
1136 1276 1249 1331 272,
1280 1277 1325 1322 3.

277 1355 370 1429 Θ.
408 1376 462 1429 7,
494 1374 536 1418 8.
590 1374 642 1414 In
674 1373 800 1414 cultis
831 1380 875 1414 et
904 1373 1016 1427 agris
1036 1373 1201 1415 rarius:
1232 1389 1374 1433 prope
1395 1377 1591 1423 Anlzolt!

196 1451 330 1493 Rees!
380 1448 659 1492 Emmerich!
679 1470 739 1480 —
782 1448 821 1488 A
850 1447 1133 1503 sequentibus
1158 1449 1284 1491 facile
1313 1451 1593 1508 distinguitur

194 1527 401 1582 panicula
442 1524 537 1565 basi
579 1525 848 1579 interrupta,
898 1529 1020 1564 tactu
1053 1522 1348 1580 scaberrima,
1400 1530 1591 1572 vestibus

195 1600 478 1642 adhaerente.

197 1704 260 1755 P.
296 1701 494 1754 viride.
562 1716 611 1756 L.
643 1715 691 1756 P.
721 1725 763 1768 7.
797 1713 868 1757 W.
899 1715 942 1759 6.

196 1803 365 1844 Setaria
394 1803 558 1845 viridis.
621 1805 656 1845 R
689 1812 732 1846 et
761 1805 804 1846 S.
865 1805 944 1846 RS.
966 1805 1077 1860 272,
1109 1801 1154 1851 4.

281 1881 373 1954 Θ.
418 1912 471 1955 ¹7,
515 1900 558 1944 8.
622 1901 674 1942 In
706 1901 845 1943 hortis
884 1902 1050 1958 ubique
1081 1903 1302 1961 frequens.
1334 1905 1412 1939 -”
1451 1910 1588 1967 Insig-

196 1976 312 2018 niter
330 1967 467 2018 va‘riat
487 1975 811 2031 magnitudine,
834 1991 915 2018 nec
946 1991 1036 2018 non
1060 1979 1209 2021 colore
1227 1996 1591 2039 purpurascente.

194 2079 259 2131 Ρ.
296 2079 576 2149 glaucum.
645 2090 695 2133 L.
725 2091 774 2132 P.
806 2090 848 2134 6.
880 2090 952 2132 W.
984 2091 1026 2134 5.

194 2178 363 2221 Setaria
403 2182 569 2234 glauca.
605 2182 638 2220 R
672 2188 716 2222 et
748 2181 791 2221 S.
824 2181 904 2222 RS.
934 2181 1050 2234 272,

277 2238 344 2316 β.
383 2252 710 2318 elongatum.
762 2263 885 2303 Pers.
967 2262 1017 2303 P.
1052 2239 1146 2316 613·

254 2338 341 2411 Θ.
363 2360 406 2411 7,
428 2358 469 2402 8.
493 2358 542 2398 In
566 2360 693 2400 cultis
707 2388 719 2410 ,
751 2358 867 2399 inter
889 2359 1070 2415 stipulas
1090 2360 1192 2402 satis
1214 2361 1436 2419 frequens,
1459 2363 1591 2407 inter-

195 2433 301 2474 dum
333 2440 376 2474 et
408 2434 451 2473 in
473 2433 608 2489 pratis
631 2432 846 2475 sabulosis
876 2434 1061 2475 vidimus
1083 2436 1292 2490 plantam.
1315 2459 1374 2467 -—
1406 2438 1442 2478 A
1464 2454 1590 2494 prae>-

194 2507 453 2548 cedentibus
489 2507 753 2548 discernitur
784 2509 934 2550 colore
964 2510 1257 2563 flavescente,
1298 2513 1400 2553 setis
1439 2514 1591 2566 fulvis,

194 2589 342 2630 fructu
364 2589 545 2644 majore.
577 2588 778 2631 varietas
812 2567 880 2639 β,
935 2592 1082 2632 culmo
1126 2593 1413 2648 ultrapeda1i‚
1463 2609 1593 2650 saepe

193 2675 384 2715 ramoso,
407 2665 1088 2720 nuncoccurritbasigeniculato
1102 2673 1323 2721 prostrato
1346 2668 1512 2722 intigris
1524 2683 1591 2710 sa·

192 2732 382 2790 bulosis,
416 2751 533 2779 nunc
563 2752 667 2780 vero
697 2747 846 2781 erecto
878 2740 921 2780 in
953 2739 1140 2781 humidis
1171 2741 1338 2783 lutosis.

195 2822 256 2873 P.
295 2821 636 2878 miliaceum.
707 2839 756 2878 Ι..
792 2838 869 2880 RS.
901 2836 972 2881 33.
1006 2837 1077 2880 W.
1110 2834 1183 2882 49.

196 2907 243 2947 P.
277 2908 458 2948 Milium.
494 2909 613 2951 Pers.
649 2910 696 2952 P.
729 2914 801 2956 50.

1061 2992 1074 3016 )

1043 3022 1074 3034 .-
