1784 3328
126 223 167 250 vi
676 206 1086 249 PRAEFATIO.

123 347 237 399 otio
282 365 404 398 raro
447 363 663 416 proque
718 345 931 396 viribus
988 345 1204 418 exiguis
1265 345 1517 415 gravius9
1583 347 1681 399 ho-

120 445 195 496 ris
233 443 542 495 subsecivis
577 444 983 494 elaborandum
1018 442 1197 494 adorti
1233 461 1461 509 sumus,
1519 444 1665 495 arbi-

121 541 281 605 trati,
317 552 379 592 ut
414 541 599 593 desint
632 540 808 603 vires,
845 541 997 592 haud
1025 540 1462 608 vituperandum
1486 551 1682 594 tamen

122 651 414 703 conatum,
476 637 693 705 scriptis
731 637 1015 689 memoriae
1051 636 1401 705 prodidisse,
1448 656 1569 707 quae
1608 639 1681 691 de

120 739 345 791 Florula
399 745 584 788 nostra
633 735 920 802 hucusque
969 733 1363 788 innotuissent.
1434 738 1512 788 Ea
1546 755 1680 789 vero

120 846 278 899 sunt,
315 854 437 905 quae
474 851 577 884 ceu
611 831 885 900 primitias
922 833 1096 882 Florae
1125 831 1536 900 WVestphalicae,
1575 833 1680 884 sci-

115 933 299 996 entiae,
381 949 555 1001 quam
610 949 720 997 prae
773 929 982 981 caeteris
1048 928 1355 981 amabilem
1413 930 1679 999 praedica-

122 1049 280 1094 muS,
329 1028 635 1080 cultoribus
675 1028 1026 1080 exhibemus.
1107 1029 1333 1079 Floram
1370 1027 1526 1079 enim
1560 1046 1679 1079 mo·-

122 1126 531 1181 nasteriensem
568 1143 597 1176 a
631 1125 799 1176 nobis
837 1125 1047 1176 editam
1097 1125 1535 1194 haudquaquam
1584 1126 1679 1176 ad-

124 1227 446 1287 firmamus,
503 1223 679 1290 probe
717 1221 1126 1292 intelligentes,
1175 1224 1348 1284 hanc,
1396 1221 1508 1272 nisi
1541 1242 1679 1291 prae-

125 1323 218 1375 via
252 1325 535 1383 locorum,
585 1338 707 1388 quae
743 1338 915 1371 nemo
950 1319 1243 1371 botanicus
1278 1338 1460 1388 usque
1496 1322 1680 1373 adhuc

123 1418 443 1475 salutaverit
466 1457 482 1481 ,
578 1417 933 1488 diligentiore
1002 1416 1438 1485 perscrutatione
1507 1429 1677 1488 atque

123 1521 443 1591 plantarum
513 1513 816 1566 dubiarum
883 1513 1144 1565 ulteriore
1214 1515 1627 1568 examinatione
1657 1556 1674 1582 ‚

123 1618 451 1669 inchoatum
485 1612 572 1666 iri.

221 1765 392 1818 Hisce
427 1762 748 1833 perpenSIS,
789 1761 1055 1814 libellum
1091 1780 1154 1813 ea
1189 1760 1404 1814 ratione
1440 1763 1667 1816 concin-

120 1864 377 1916 nandum
409 1861 764 1931 putavimus,
819 1871 912 1923 ut,
975 1860 1164 1911 demto
1213 1860 1371 1911 omni
1417 1880 1678 1930 superva-

120 1980 323 2024 caneo,
381 1960 451 2011 de
488 1958 879 2011 essentialibus
914 1955 1001 2007 nil
1042 1954 1405 2012 desideretur.
1474 1961 1677 2028 Super-

119 2076 431 2110 vacaneum
479 2067 669 2108 autem
711 2054 898 2105 visum
946 2063 1061 2116 est,
1146 2053 1356 2105 centies
1409 2057 1710 2125 repetitas¹

120 2156 416 2226 diagnoses
454 2153 660 2206 iterum
705 2150 1105 2212 transcribere3
1177 2151 1384 2219 quibus
1432 2153 1674 2220 additiS,

120 2264 395 2322 auctoque
432 2251 566 2302 inde
615 2260 813 2318 praeter
862 2248 1256 2300 necessitatem
1292 2259 1347 2300 et
1379 2252 1673 2306 volumine

118 2362 174 2403 et
206 2349 405 2419 pretio,
445 2347 782 2418 opusculum
808 2357 1064 2397 nostrum
1083 2345 1488 2414 perfectionem
1513 2367 1674 2401 men·-

116 2449 341 2511 tiretur,
389 2465 499 2517 (sua
534 2463 722 2496 revera
759 2453 923 2507 caret,
960 2444 1324 2513 speciemque
1349 2446 1521 2497 Florae
1558 2467 1671 2515 prae

116 2565 175 2598 se
210 2547 406 2607 ferret,
456 2561 628 2613 quam
663 2540 748 2592 illi
780 2541 1048 2593 tributam
1081 2560 1374 2612 negamus.
1451 2546 1672 2597 Metho-

117 2644 257 2694 dum
292 2641 461 2712 igitur
494 2641 562 2693 D.
601 2639 821 2692 Steudel
854 2638 1049 2702 secuti,
1087 2640 1159 2690 ad
1194 2638 1412 2709 singula
1442 2661 1666 2712 genera,

116 2758 223 2794 nec
271 2757 391 2791 non
437 2739 509 2789 ad
555 2736 812 2807 quamvis
858 2736 1155 2805 speciem,
1211 2736 1440 2789 Roemeri
1485 2738 1667 2806 juncti

118 2856 249 2890 cum
292 2837 612 2901 SchultesiO,
681 2844 735 2886 et
781 2833 1086 2901 Persoonii,
1156 2844 1212 2885 et
1265 2835 1667 2906 Willdenowi-i,
