1784 3328
129 216 186 260 36

131 676 246 727 154.

131 1339 245 1387 155.

130 2226 244 2273 156.

695 213 1013 256 TRIANDBIA.
1071 213 1168 256 Dic..

296 369 383 411 quo
427 353 573 397 differt
619 355 736 411 spica
777 362 983 407 nutante,
1033 354 1172 396 aristis
1214 345 1507 409 longioribus,
1555 352 1671 395 foliis

292 430 508 482 flaccidis,
549 437 679 484 atque
708 428 857 469 radice
895 427 1068 468 fibi-osa.
1128 425 1179 466 In
1208 427 1420 480 argillosis
1452 433 1496 467 et
1527 427 1668 466 calca-

291 505 376 544 reis
405 504 668 558 spicularum
697 501 858 557 pubem
887 502 1143 555 plerumque
1163 499 1437 554 adpressum,
1467 499 1515 539 in
1541 498 1669 541 sabu-

291 578 394 618 losis
427 583 500 617 aut
519 575 693 616 tursosis
715 588 817 615 vero
838 581 1060 629 patentem
1081 573 1415 615 observavimus.

294 678 357 729 B.
391 675 705 743 pinnatum.
742 686 837 726 Ret
858 684 899 724 S.
956 685 1035 725 RS.
1059 684 1101 729 1.

291 778 335 818 B.
369 777 586 832 pinnatus.
608 776 657 814 L.
716 774 764 814 P.
787 772 897 827 172,
918 772 989 816 31.
1050 773 1120 815 W.
1147 770 1255 827 140,
1285 772 1360 817 30.

381 856 448 911 Ζί.
483 863 534 915 6,
564 864 606 905 7.
664 862 714 901 In
735 863 901 917 pascuis
923 863 1172 904 elatioribus
1193 862 1417 918 praecipue
1440 857 1670 903 calcareis:

292 951 432 995 prope
465 936 651 977 Beckum
685 943 727 975 et
749 936 1004 991 Stromberg
1035 951 1126 978 non
1158 932 1432 991 infrequens!
1462 958 1524 967 —
1578 935 1686 985 Va·,

291 1014 375 1053 riat
398 1010 570 1066 spiculis
593 1009 750 1063 glabris
773 1015 816 1048 et
845 1009 1016 1050 villosis.
1060 1010 1188 1065 Spica
1212 1012 1470 1066 plerumque
1500 1014 1669 1060 erecta,

292 1086 436 1127 aristae
467 1084 643 1135 breves,
675 1082 941 1138 foliarigida,
967 1083 1090 1125 radix
1118 1097 1288 1140 repens.
1323 1116 1327 1119 ,

351 1238 422 1283 51.
455 1220 839 1279 'TRITICUM
861 1239 911 1280 L.
969 1234 1168 1283 Rs348.
1226 1237 1394 1284 P.19s.
1443 1236 1515 1280 w.
1537 1235 1638 1280 152.

289 1343 354 1395 Τ.
390 1342 632 1410 vulgare.
676 1351 850 1395 Villczrs.

376 1458 433 1495 α.
466 1439 739 1490 aestivum.
775 1450 825 1491 L.
884 1449 961 1491 RS.
988 1462 1025 1493 1.
1083 1449 1132 1491 P.
1155 1447 1239 1492 10⁶.
1297 1446 1367 1489 w.
1389 1446 1432 1491 1.

378 1538 438 1615 β.
473 1527 779 1605 hyberrium.
815 1549 865 1589 L.
924 1546 1002 1586 Rs.
1025 1546 1066 1590 2.
1126 1545 1175 1585 P.
1198 1530 1286 1607 1β.
1347 1541 1419 1584 W.
1441 1551 1485 1583 2.

375 1642 465 1714 Θ.
497 1669 541 1701 et
581 1644 633 1700 ὦ·
667 1660 708 1703 6.
751 1659 918 1700 Colitur
945 1656 1120 1710 ubique.
1160 1675 1217 1684 -—
1274 1653 1495 1702 Posterior
1533 1652 1669 1695 variat

291 1737 466 1793 spiculis
500 1735 683 1776 aristatis
728 1740 770 1774 et
799 1731 996 1782 muticis,
1049 1727 1208 1782 glabris
1240 1733 1282 1766 et
1314 1727 1667 1781 pubescentibus.

289 1809 342 1849 In
371 1809 517 1865 priore
550 1821 692 1862 neque
725 1804 1052 1862 pubescentiam
1073 1814 1214 1856 neque
1235 1800 1453 1840 desectum
1473 1801 1667 1840 omnium

291 1884 524 1925 aristarum
553 1894 746 1936 unquam
777 1877 893 1934 apud
920 1890 999 1916 nos
1023 1874 1252 1915 observare
1285 1873 1412 1914 nobis
1444 1874 1639 1927 contigit.

383 1969 490 2010 Obs.
525 1969 738 2008 Triticum
770 1966 941 2021 Spelta‚
974 1963 1156 2014 durum,
1188 1962 1418 2002 dicoccum
1439 1968 1482 2001 et
1510 1974 1668 2001 mono-

291 2057 498 2095 coccum‚
560 2049 770 2097 quantum
815 2039 998 2091 scimus,
1060 2038 1175 2078 intra
1211 2035 1318 2076 fines
1365 2040 1538 2076 nostros
1577 2046 1669 2075 non

291 2120 510 2160 coluntur.

289 2219 354 2269 T.
389 2232 610 2283 repens,
643 2225 693 2265 L.
752 2224 801 2265 P.
823 2223 865 2267 8.
922 2222 992 2264 W.
1014 2221 1085 2266 13.

289 2317 564 2371 Agropyrum
594 2327 765 2369 repens.
825 2313 877 2353 P.
912 2314 1070 2353 Beazw.
1131 2309 1209 2350 RS.
1228 2303 1342 2362 347,
1363 2308 1435 2352 10.

377 2395 443 2450 Ζί.
475 2403 639 2445 6—8.
698 2402 749 2441 In
780 2401 916 2454 agris,
957 2400 1094 2451 arvis,
1133 2397 1331 2453 sepibus,
1375 2396 1470 2436 solo
1508 2394 1666 2450 praeci-

289 2492 375 2536 pue
408 2489 590 2517 arenoso
622 2475 773 2514 titium
806 2474 932 2513 nimis
964 2473 1184 2527 frequens.
1215 2491 1273 2500 —
1330 2469 1500 2510 Praeter
1528 2469 1667 2508 varie-

287 2559 398 2593 tates
427 2549 609 2588 muticas
642 2555 686 2589 et
715 2547 909 2589 aristatas
938 2547 1162 2602 praecipue
1181 2542 1486 2584 memorabiles
1517 2540 1668 2582 viden-

285 2633 359 2668 tur
379 2623 464 2664 hoc
491 2622 615 2662 loco:
1555 2618 1558 2620 ·

386 2721 440 2758 cz·
476 2708 809 2772 simulatum,
850 2714 1053 2757 Schreber
1072 2742 1086 2764 ‚
1156 2712 1269 2754 foliis
1307 2712 1454 2767 rigidis
1505 2715 1666 2766 glaucis

289 2794 582 2852 pungentibus
631 2789 975 2844 divergentibus⁷
1033 2787 1222 2828 flosculis
1260 2786 1425 2828 obtusis
1468 2787 1666 2841 muticis;

291 2871 468 2926 copiose
497 2869 542 2908 in
571 2864 740 2922 pascuis
770 2862 986 2905 sterilibus
1016 2860 1072 2903 ad
1101 2860 1311 2902 Rhenum.
