<?xml version="1.0" encoding="UTF-8"?>
<!DOCTYPE html PUBLIC "-//W3C//DTD XHTML 1.0 Transitional//EN"
    "http://www.w3.org/TR/xhtml1/DTD/xhtml1-transitional.dtd">
<html xmlns="http://www.w3.org/1999/xhtml" xml:lang="en" lang="en">
 <head>
  <title>
</title>
<meta http-equiv="Content-Type" content="text/html;charset=utf-8" />
  <meta name='ocr-system' content='tesseract 3.04.00' />
  <meta name='ocr-capabilities' content='ocr_page ocr_carea ocr_par ocr_line ocrx_word'/>
</head>
<body>
  <div class='ocr_page' id='page_1' title='image "./prodromusfloraem00bnni/prodromusfloraem00bnni_0036.png"; bbox 0 0 1784 3328; ppageno 0'>
   <div class='ocr_carea' id='block_1_1' title="bbox 160 178 1295 228">
    <p class='ocr_par' dir='ltr' id='par_1_1' title="bbox 160 178 1295 228">
     <span class='ocr_line' id='line_1_1' title="bbox 160 178 1295 228; baseline -0.007 0"><span class='ocrx_word' id='word_1_1' title='bbox 160 183 217 228; x_wconf 84' lang='lat'><strong>16</strong></span> <span class='ocrx_word' id='word_1_2' title='bbox 732 178 1052 223; x_wconf 80' lang='lat' dir='ltr'><strong>TRIANDRIA.</strong></span> <span class='ocrx_word' id='word_1_3' title='bbox 1116 178 1295 221; x_wconf 56' lang='lat' dir='ltr'><strong>Mos-oc.</strong></span> 
     </span>
    </p>
   </div>
   <div class='ocr_carea' id='block_1_2' title="bbox 323 317 1705 538">
    <p class='ocr_par' dir='ltr' id='par_1_2' title="bbox 323 317 1705 538">
     <span class='ocr_line' id='line_1_2' title="bbox 325 317 1704 375; baseline -0.003 -11"><span class='ocrx_word' id='word_1_4' title='bbox 325 322 474 365; x_wconf 79' lang='lat' dir='ltr'><em>beiden</em></span> <span class='ocrx_word' id='word_1_5' title='bbox 503 322 766 365; x_wconf 75' lang='lat' dir='ltr'><strong>Schleusen!</strong></span> <span class='ocrx_word' id='word_1_6' title='bbox 808 343 867 353; x_wconf 82' lang='lat'>-</span> <span class='ocrx_word' id='word_1_7' title='bbox 912 318 1208 362; x_wconf 87' lang='lat' dir='ltr'><strong>Praecedente</strong></span> <span class='ocrx_word' id='word_1_8' title='bbox 1246 318 1506 375; x_wconf 83' lang='lat' dir='ltr'><strong>plerumque</strong></span> <span class='ocrx_word' id='word_1_9' title='bbox 1531 317 1704 373; x_wconf 82' lang='lat' dir='ltr'><strong>minor3</strong></span> 
     </span>
     <span class='ocr_line' id='line_1_3' title="bbox 323 394 1705 452; baseline -0.004 -14"><span class='ocrx_word' id='word_1_10' title='bbox 323 399 498 452; x_wconf 82' lang='lat' dir='ltr'><strong>vaginae</strong></span> <span class='ocrx_word' id='word_1_11' title='bbox 541 397 760 452; x_wconf 82' lang='lat' dir='ltr'><strong>aphyllae3</strong></span> <span class='ocrx_word' id='word_1_12' title='bbox 798 409 887 436; x_wconf 83' lang='lat' dir='ltr'><strong>nux</strong></span> <span class='ocrx_word' id='word_1_13' title='bbox 909 407 1181 449; x_wconf 84' lang='lat' dir='ltr'><strong>compressa,</strong></span> <span class='ocrx_word' id='word_1_14' title='bbox 1225 394 1419 447; x_wconf 80' lang='lat' dir='ltr'><strong>margine</strong></span> <span class='ocrx_word' id='word_1_15' title='bbox 1440 400 1593 446; x_wconf 80' lang='lat' dir='ltr'><strong>acuto,</strong></span> <span class='ocrx_word' id='word_1_16' title='bbox 1620 406 1705 434; x_wconf 80' lang='lat' dir='ltr'><strong>nec</strong></span> 
     </span>
     <span class='ocr_line' id='line_1_4' title="bbox 323 466 1702 538; baseline -0.007 -25"><span class='ocrx_word' id='word_1_17' title='bbox 323 473 518 526; x_wconf 67' lang='lat' dir='ltr'><strong>trigonaz,</strong></span> <span class='ocrx_word' id='word_1_18' title='bbox 558 471 756 524; x_wconf 77' lang='lat' dir='ltr'>stigmata</span> <span class='ocrx_word' id='word_1_19' title='bbox 787 469 890 509; x_wconf 90' lang='lat' dir='ltr'><strong>duo.</strong></span> <span class='ocrx_word' id='word_1_20' title='bbox 929 468 981 507; x_wconf 89' lang='lat' dir='ltr'><strong>In</strong></span> <span class='ocrx_word' id='word_1_21' title='bbox 1003 467 1206 509; x_wconf 85' lang='lat' dir='ltr'><strong>varietate</strong></span> <span class='ocrx_word' id='word_1_22' title='bbox 1242 466 1289 538; x_wconf 71' lang='grc' dir='ltr'><em>β</em></span> <span class='ocrx_word' id='word_1_23' title='bbox 1322 468 1489 507; x_wconf 89' lang='lat' dir='ltr'><strong>culmus</strong></span> <span class='ocrx_word' id='word_1_24' title='bbox 1509 467 1702 521; x_wconf 89' lang='lat' dir='ltr'><strong>plerum-</strong></span> 
     </span>
    </p>
   </div>
   <div class='ocr_carea' id='block_1_3' title="bbox 321 544 1704 962">
    <p class='ocr_par' dir='ltr' id='par_1_3' title="bbox 321 544 1704 962">
     <span class='ocr_line' id='line_1_5' title="bbox 325 544 1704 609; baseline -0.008 -16"><span class='ocrx_word' id='word_1_25' title='bbox 325 567 409 609; x_wconf 87' lang='lat' dir='ltr'><strong>que</strong></span> <span class='ocrx_word' id='word_1_26' title='bbox 430 553 607 604; x_wconf 69' lang='lat' dir='ltr'><strong>elafior,</strong></span> <span class='ocrx_word' id='word_1_27' title='bbox 651 550 825 601; x_wconf 71' lang='lat' dir='ltr'><strong>viridis,</strong></span> <span class='ocrx_word' id='word_1_28' title='bbox 863 562 946 590; x_wconf 84' lang='lat' dir='ltr'><strong>nec</strong></span> <span class='ocrx_word' id='word_1_29' title='bbox 974 549 1174 603; x_wconf 78' lang='lat' dir='ltr'><strong>glaucus3</strong></span> <span class='ocrx_word' id='word_1_30' title='bbox 1230 549 1456 604; x_wconf 83' lang='lat' dir='ltr'>paniculae</span> <span class='ocrx_word' id='word_1_31' title='bbox 1494 546 1606 596; x_wconf 83' lang='lat' dir='ltr'><strong>rami</strong></span> <span class='ocrx_word' id='word_1_32' title='bbox 1636 544 1704 583; x_wconf 88' lang='lat' dir='ltr'><strong>in-</strong></span> 
     </span>
     <span class='ocr_line' id='line_1_6' title="bbox 324 618 1704 681; baseline -0.007 -14"><span class='ocrx_word' id='word_1_33' title='bbox 324 626 550 681; x_wconf 76' lang='lat' dir='ltr'>aequales,</span> <span class='ocrx_word' id='word_1_34' title='bbox 585 624 718 677; x_wconf 81' lang='lat' dir='ltr'><strong>magis</strong></span> <span class='ocrx_word' id='word_1_35' title='bbox 740 623 954 676; x_wconf 80' lang='lat' dir='ltr'><strong>elongati3</strong></span> <span class='ocrx_word' id='word_1_36' title='bbox 988 623 1178 663; x_wconf 85' lang='lat' dir='ltr'><strong>valvulae</strong></span> <span class='ocrx_word' id='word_1_37' title='bbox 1207 622 1378 677; x_wconf 84' lang='lat' dir='ltr'><strong>punctis</strong></span> <span class='ocrx_word' id='word_1_38' title='bbox 1409 618 1704 662; x_wconf 70' lang='lat' dir='ltr'><strong>crebrioribus</strong></span> 
     </span>
     <span class='ocr_line' id='line_1_7' title="bbox 324 691 1703 752; baseline -0.007 -11"><span class='ocrx_word' id='word_1_39' title='bbox 324 700 530 751; x_wconf 80' lang='lat' dir='ltr'>scabrae,</span> <span class='ocrx_word' id='word_1_40' title='bbox 566 710 802 752; x_wconf 85' lang='lat' dir='ltr'><strong>earumque</strong></span> <span class='ocrx_word' id='word_1_41' title='bbox 835 710 986 750; x_wconf 86' lang='lat' dir='ltr'><strong>margo</strong></span> <span class='ocrx_word' id='word_1_42' title='bbox 1024 696 1179 748; x_wconf 76' lang='lat' dir='ltr'><strong>latior,</strong></span> <span class='ocrx_word' id='word_1_43' title='bbox 1218 696 1466 737; x_wconf 87' lang='lat' dir='ltr'><strong>crenulatus</strong></span> <span class='ocrx_word' id='word_1_44' title='bbox 1501 694 1572 733; x_wconf 70' lang='lat' dir='ltr'><strong>vel</strong></span> <span class='ocrx_word' id='word_1_45' title='bbox 1599 691 1703 732; x_wconf 88' lang='lat' dir='ltr'><strong>sub-</strong></span> 
     </span>
     <span class='ocr_line' id='line_1_8' title="bbox 327 765 1701 826; baseline -0.008 -11"><span class='ocrx_word' id='word_1_46' title='bbox 327 775 509 815; x_wconf 87' lang='lat' dir='ltr'><strong>ciliatus.</strong></span> <span class='ocrx_word' id='word_1_47' title='bbox 567 771 755 826; x_wconf 81' lang='lat' dir='ltr'>Propter</span> <span class='ocrx_word' id='word_1_48' title='bbox 785 771 977 811; x_wconf 89' lang='lat' dir='ltr'><strong>culmum</strong></span> <span class='ocrx_word' id='word_1_49' title='bbox 1007 771 1130 826; x_wconf 81' lang='lat' dir='ltr'>apice</span> <span class='ocrx_word' id='word_1_50' title='bbox 1159 782 1435 824; x_wconf 80' lang='lat' dir='ltr'><strong>nequaquam</strong></span> <span class='ocrx_word' id='word_1_51' title='bbox 1454 765 1701 820; x_wconf 87' lang='lat' dir='ltr'><strong>subtrique-</strong></span> 
     </span>
     <span class='ocr_line' id='line_1_9' title="bbox 321 842 1702 901; baseline -0.008 -12"><span class='ocrx_word' id='word_1_52' title='bbox 321 855 441 889; x_wconf 79' lang='lat' dir='ltr'><strong>trum</strong></span> <span class='ocrx_word' id='word_1_53' title='bbox 472 846 585 888; x_wconf 90' lang='lat' dir='ltr'><strong>hanc</strong></span> <span class='ocrx_word' id='word_1_54' title='bbox 613 844 864 887; x_wconf 84' lang='lat' dir='ltr'><strong>varietatem</strong></span> <span class='ocrx_word' id='word_1_55' title='bbox 892 858 974 901; x_wconf 90' lang='lat' dir='ltr'><strong>pro</strong></span> <span class='ocrx_word' id='word_1_56' title='bbox 1004 845 1073 886; x_wconf 88' lang='lat' dir='ltr'><strong>Sc.</strong></span> <span class='ocrx_word' id='word_1_57' title='bbox 1105 842 1273 886; x_wconf 85' lang='lat' dir='ltr'><strong>Duvalii</strong></span> <span class='ocrx_word' id='word_1_58' title='bbox 1301 842 1462 884; x_wconf 81' lang='lat' dir='ltr'><strong>habere</strong></span> <span class='ocrx_word' id='word_1_59' title='bbox 1481 851 1573 900; x_wconf 71' lang='lat' dir='ltr'><strong>non</strong></span> <span class='ocrx_word' id='word_1_60' title='bbox 1598 851 1702 895; x_wconf 84' lang='lat' dir='ltr'><strong>pos-</strong></span> 
     </span>
     <span class='ocr_line' id='line_1_10' title="bbox 324 935 486 962; baseline -0.006 0"><span class='ocrx_word' id='word_1_61' title='bbox 324 935 486 962; x_wconf 87' lang='lat' dir='ltr'><strong>sumus.</strong></span> 
     </span>
    </p>
   </div>
   <div class='ocr_carea' id='block_1_4' title="bbox 120 983 1583 1075">
    <p class='ocr_par' dir='ltr' id='par_1_4' title="bbox 120 983 1583 1075">
     <span class='ocr_line' id='line_1_11' title="bbox 120 983 1583 1075; baseline -0.005 -15"><span class='ocrx_word' id='word_1_62' title='bbox 120 983 126 990; x_wconf 47' lang='lat'><strong>‘</strong></span> <span class='ocrx_word' id='word_1_63' title='bbox 196 1014 276 1060; x_wconf 83' lang='lat'><strong>61.</strong></span> <span class='ocrx_word' id='word_1_64' title='bbox 325 1008 378 1060; x_wconf 82' lang='lat' dir='ltr'><strong>S.</strong></span> <span class='ocrx_word' id='word_1_65' title='bbox 412 1005 698 1075; x_wconf 73' lang='lat' dir='ltr'><strong>triqueter.</strong></span> <span class='ocrx_word' id='word_1_66' title='bbox 767 1016 899 1059; x_wconf 73' lang='lat' dir='ltr'><strong>Roth.</strong></span> <span class='ocrx_word' id='word_1_67' title='bbox 959 1017 1038 1057; x_wconf 75' lang='lat' dir='ltr'><strong>Rs,</strong></span> <span class='ocrx_word' id='word_1_68' title='bbox 1069 1015 1139 1059; x_wconf 77' lang='lat'><strong>63.</strong></span> <span class='ocrx_word' id='word_1_69' title='bbox 1196 1014 1245 1055; x_wconf 90' lang='lat' dir='ltr'><strong>P.</strong></span> <span class='ocrx_word' id='word_1_70' title='bbox 1276 1011 1347 1058; x_wconf 82' lang='lat'><strong>54.</strong></span> <span class='ocrx_word' id='word_1_71' title='bbox 1409 1012 1481 1055; x_wconf 86' lang='lat' dir='ltr'><strong>w.</strong></span> <span class='ocrx_word' id='word_1_72' title='bbox 1510 1011 1583 1060; x_wconf 85' lang='grc'><strong>46.</strong></span> 
     </span>
    </p>
   </div>
   <div class='ocr_carea' id='block_1_5' title="bbox 323 1106 1700 1319">
    <p class='ocr_par' dir='ltr' id='par_1_5' title="bbox 323 1106 1700 1319">
     <span class='ocr_line' id='line_1_12' title="bbox 406 1106 1698 1169; baseline -0.005 -14"><span class='ocrx_word' id='word_1_73' title='bbox 406 1106 478 1163; x_wconf 61' lang='lat' dir='ltr'><strong>zl-</strong></span> <span class='ocrx_word' id='word_1_74' title='bbox 539 1115 568 1157; x_wconf 91' lang='grc'>7</span> <span class='ocrx_word' id='word_1_75' title='bbox 582 1143 593 1166; x_wconf 79' lang='lat'>‚</span> <span class='ocrx_word' id='word_1_76' title='bbox 623 1114 666 1158; x_wconf 95' lang='grc'><strong>8.</strong></span> <span class='ocrx_word' id='word_1_77' title='bbox 725 1113 795 1154; x_wconf 91' lang='lat' dir='ltr'><strong>Ad</strong></span> <span class='ocrx_word' id='word_1_78' title='bbox 824 1114 939 1169; x_wconf 83' lang='lat' dir='ltr'>ripas</span> <span class='ocrx_word' id='word_1_79' title='bbox 961 1113 1002 1153; x_wconf 89' lang='lat' dir='ltr'><strong>fl.</strong></span> <span class='ocrx_word' id='word_1_80' title='bbox 1024 1111 1170 1154; x_wconf 74' lang='lat' dir='ltr'><strong>Rheni</strong></span> <span class='ocrx_word' id='word_1_81' title='bbox 1185 1124 1324 1168; x_wconf 82' lang='lat' dir='ltr'>prope</span> <span class='ocrx_word' id='word_1_82' title='bbox 1346 1111 1449 1152; x_wconf 75' lang='lat' dir='ltr'><strong>Rees</strong></span> <span class='ocrx_word' id='word_1_83' title='bbox 1469 1116 1514 1151; x_wconf 87' lang='lat' dir='ltr'><strong>et</strong></span> <span class='ocrx_word' id='word_1_84' title='bbox 1531 1109 1698 1150; x_wconf 85' lang='lat' dir='ltr'><strong>Emme-</strong></span> 
     </span>
     <span class='ocr_line' id='line_1_13' title="bbox 325 1183 1700 1242; baseline -0.006 -10"><span class='ocrx_word' id='word_1_85' title='bbox 325 1189 449 1232; x_wconf 74' lang='lat' dir='ltr'><strong>rich!</strong></span> <span class='ocrx_word' id='word_1_86' title='bbox 497 1187 614 1229; x_wconf 84' lang='lat' dir='ltr'><strong>haud</strong></span> <span class='ocrx_word' id='word_1_87' title='bbox 644 1187 704 1228; x_wconf 87' lang='lat' dir='ltr'><strong>ita</strong></span> <span class='ocrx_word' id='word_1_88' title='bbox 737 1186 953 1242; x_wconf 81' lang='lat' dir='ltr'><strong>frequens.</strong></span> <span class='ocrx_word' id='word_1_89' title='bbox 990 1209 1050 1217; x_wconf 91' lang='lat'>—</span> <span class='ocrx_word' id='word_1_90' title='bbox 1093 1186 1131 1228; x_wconf 90' lang='lat' dir='ltr'>A</span> <span class='ocrx_word' id='word_1_91' title='bbox 1159 1183 1520 1242; x_wconf 84' lang='lat' dir='ltr'><strong>praecedentibus</strong></span> <span class='ocrx_word' id='word_1_92' title='bbox 1552 1184 1700 1224; x_wconf 91' lang='lat' dir='ltr'><strong>culmo</strong></span> 
     </span>
     <span class='ocr_line' id='line_1_14' title="bbox 323 1255 1698 1319; baseline -0.004 -15"><span class='ocrx_word' id='word_1_93' title='bbox 323 1265 563 1319; x_wconf 75' lang='lat' dir='ltr'><strong>triquetro,</strong></span> <span class='ocrx_word' id='word_1_94' title='bbox 583 1269 831 1318; x_wconf 85' lang='lat' dir='ltr'><strong>staturaque</strong></span> <span class='ocrx_word' id='word_1_95' title='bbox 861 1274 989 1317; x_wconf 87' lang='lat' dir='ltr'><strong>saepe</strong></span> <span class='ocrx_word' id='word_1_96' title='bbox 1009 1261 1178 1301; x_wconf 85' lang='lat' dir='ltr'><strong>minore</strong></span> <span class='ocrx_word' id='word_1_97' title='bbox 1201 1259 1346 1301; x_wconf 80' lang='lat' dir='ltr'><strong>statim</strong></span> <span class='ocrx_word' id='word_1_98' title='bbox 1366 1255 1698 1312; x_wconf 80' lang='lat' dir='ltr'><strong>dignoscenduS.</strong></span> 
     </span>
    </p>
   </div>
   <div class='ocr_carea' id='block_1_6' title="bbox 197 1351 1424 1505">
    <p class='ocr_par' dir='ltr' id='par_1_6' title="bbox 197 1351 1424 1505">
     <span class='ocr_line' id='line_1_15' title="bbox 197 1351 1231 1402; baseline -0.002 -3"><span class='ocrx_word' id='word_1_99' title='bbox 197 1355 277 1400; x_wconf 81' lang='grc'><strong>62.</strong></span> <span class='ocrx_word' id='word_1_100' title='bbox 325 1351 378 1402; x_wconf 65' lang='lat' dir='ltr'><strong>S.</strong></span> <span class='ocrx_word' id='word_1_101' title='bbox 415 1358 679 1400; x_wconf 82' lang='lat' dir='ltr'><strong>setaceus.</strong></span> <span class='ocrx_word' id='word_1_102' title='bbox 751 1359 800 1400; x_wconf 86' lang='lat' dir='ltr'><strong>L.</strong></span> <span class='ocrx_word' id='word_1_103' title='bbox 854 1358 904 1399; x_wconf 91' lang='lat' dir='ltr'><strong>P.</strong></span> <span class='ocrx_word' id='word_1_104' title='bbox 928 1356 999 1400; x_wconf 83' lang='lat'><strong>39.</strong></span> <span class='ocrx_word' id='word_1_105' title='bbox 1058 1357 1128 1400; x_wconf 91' lang='lat' dir='ltr'><strong>W.</strong></span> <span class='ocrx_word' id='word_1_106' title='bbox 1160 1356 1231 1400; x_wconf 82' lang='lat'><strong>31.</strong></span> 
     </span>
     <span class='ocr_line' id='line_1_16' title="bbox 324 1443 1424 1505; baseline -0.003 -16"><span class='ocrx_word' id='word_1_107' title='bbox 324 1449 506 1505; x_wconf 82' lang='lat' dir='ltr'><strong>Isolepis</strong></span> <span class='ocrx_word' id='word_1_108' title='bbox 543 1455 728 1489; x_wconf 84' lang='lat' dir='ltr'><strong>setacea.</strong></span> <span class='ocrx_word' id='word_1_109' title='bbox 788 1447 1037 1488; x_wconf 53' lang='lat' dir='ltr'><strong>Ita-own.</strong></span> <span class='ocrx_word' id='word_1_110' title='bbox 1098 1445 1176 1486; x_wconf 88' lang='lat' dir='ltr'><strong>RS.</strong></span> <span class='ocrx_word' id='word_1_111' title='bbox 1208 1443 1318 1498; x_wconf 81' lang='lat'><strong>176,</strong></span> <span class='ocrx_word' id='word_1_112' title='bbox 1355 1445 1424 1487; x_wconf 83' lang='grc'><strong>10.</strong></span> 
     </span>
    </p>
   </div>
   <div class='ocr_carea' id='block_1_7' title="bbox 327 1536 1702 1677">
    <p class='ocr_par' dir='ltr' id='par_1_7' title="bbox 327 1536 1702 1677">
     <span class='ocr_line' id='line_1_17' title="bbox 404 1536 1702 1598; baseline -0.002 -13"><span class='ocrx_word' id='word_1_113' title='bbox 404 1536 478 1594; x_wconf 66' lang='lat' dir='ltr'><strong>ZC·</strong></span> <span class='ocrx_word' id='word_1_114' title='bbox 541 1544 687 1588; x_wconf 81' lang='lat'><strong>6—8.</strong></span> <span class='ocrx_word' id='word_1_115' title='bbox 744 1542 795 1582; x_wconf 93' lang='lat' dir='ltr'><strong>In</strong></span> <span class='ocrx_word' id='word_1_116' title='bbox 824 1541 994 1598; x_wconf 85' lang='lat' dir='ltr'><strong>pascuis</strong></span> <span class='ocrx_word' id='word_1_117' title='bbox 1024 1541 1235 1596; x_wconf 57' lang='lat' dir='ltr'><strong>sylvaticis</strong></span> <span class='ocrx_word' id='word_1_118' title='bbox 1265 1538 1581 1582; x_wconf 86' lang='lat' dir='ltr'><strong>humidioribus</strong></span> <span class='ocrx_word' id='word_1_119' title='bbox 1609 1538 1702 1584; x_wconf 83' lang='lat' dir='ltr'><strong>fere</strong></span> 
     </span>
     <span class='ocr_line' id='line_1_18' title="bbox 327 1611 1506 1677; baseline -0.007 -15"><span class='ocrx_word' id='word_1_120' title='bbox 327 1621 500 1677; x_wconf 85' lang='lat' dir='ltr'><strong>ubique.</strong></span> <span class='ocrx_word' id='word_1_121' title='bbox 535 1642 592 1650; x_wconf 90' lang='lat'><strong>—-</strong></span> <span class='ocrx_word' id='word_1_122' title='bbox 631 1617 782 1659; x_wconf 84' lang='lat' dir='ltr'><strong>Variat</strong></span> <span class='ocrx_word' id='word_1_123' title='bbox 801 1616 975 1673; x_wconf 88' lang='lat' dir='ltr'><strong>spiculis</strong></span> <span class='ocrx_word' id='word_1_124' title='bbox 1005 1611 1307 1670; x_wconf 82' lang='lat' dir='ltr'><strong>(lateralibus)</strong></span> <span class='ocrx_word' id='word_1_125' title='bbox 1339 1613 1364 1657; x_wconf 87' lang='lat'><strong>1</strong></span> <span class='ocrx_word' id='word_1_126' title='bbox 1388 1613 1445 1656; x_wconf 88' lang='lat' dir='ltr'><strong>ad</strong></span> <span class='ocrx_word' id='word_1_127' title='bbox 1463 1611 1506 1659; x_wconf 83' lang='lat'><strong>4.</strong></span> 
     </span>
    </p>
   </div>
   <div class='ocr_carea' id='block_1_8' title="bbox 198 1711 1529 1767">
    <p class='ocr_par' dir='ltr' id='par_1_8' title="bbox 198 1711 1529 1767">
     <span class='ocr_line' id='line_1_19' title="bbox 198 1711 1529 1767; baseline 0.002 -5"><span class='ocrx_word' id='word_1_128' title='bbox 198 1719 279 1762; x_wconf 80' lang='grc'><strong>63.</strong></span> <span class='ocrx_word' id='word_1_129' title='bbox 327 1715 378 1767; x_wconf 91' lang='lat' dir='ltr'><strong>S.</strong></span> <span class='ocrx_word' id='word_1_130' title='bbox 415 1711 747 1764; x_wconf 54' lang='lat' dir='ltr'><strong>maritimus</strong></span> <span class='ocrx_word' id='word_1_131' title='bbox 818 1721 868 1762; x_wconf 90' lang='lat' dir='ltr'><strong>L.</strong></span> <span class='ocrx_word' id='word_1_132' title='bbox 929 1719 1007 1760; x_wconf 87' lang='lat' dir='ltr'><strong>RS.</strong></span> <span class='ocrx_word' id='word_1_133' title='bbox 1037 1718 1108 1762; x_wconf 84' lang='lat'><strong>59.</strong></span> <span class='ocrx_word' id='word_1_134' title='bbox 1167 1718 1215 1760; x_wconf 90' lang='lat' dir='ltr'><strong>P.</strong></span> <span class='ocrx_word' id='word_1_135' title='bbox 1237 1718 1306 1763; x_wconf 84' lang='lat'><strong>67.</strong></span> <span class='ocrx_word' id='word_1_136' title='bbox 1364 1718 1437 1762; x_wconf 88' lang='lat' dir='ltr'><strong>W.</strong></span> <span class='ocrx_word' id='word_1_137' title='bbox 1457 1721 1529 1766; x_wconf 88' lang='lat'><strong>55.</strong></span> 
     </span>
    </p>
   </div>
   <div class='ocr_carea' id='block_1_9' title="bbox 313 1812 1699 2026">
    <p class='ocr_par' dir='ltr' id='par_1_9' title="bbox 313 1812 1699 2026">
     <span class='ocr_line' id='line_1_20' title="bbox 406 1812 1699 1872; baseline 0.002 -14"><span class='ocrx_word' id='word_1_138' title='bbox 406 1812 479 1869; x_wconf 64' lang='lat' dir='ltr'><strong>ZL.</strong></span> <span class='ocrx_word' id='word_1_139' title='bbox 542 1820 570 1863; x_wconf 91' lang='lat'>7</span> <span class='ocrx_word' id='word_1_140' title='bbox 583 1849 595 1872; x_wconf 71' lang='lat'>7</span> <span class='ocrx_word' id='word_1_141' title='bbox 621 1818 663 1862; x_wconf 88' lang='grc'><strong>8.</strong></span> <span class='ocrx_word' id='word_1_142' title='bbox 723 1817 792 1858; x_wconf 90' lang='lat' dir='ltr'><strong>Ad</strong></span> <span class='ocrx_word' id='word_1_143' title='bbox 823 1817 938 1872; x_wconf 88' lang='lat' dir='ltr'><strong>ripas</strong></span> <span class='ocrx_word' id='word_1_144' title='bbox 969 1815 1199 1856; x_wconf 85' lang='lat' dir='ltr'><strong>fluviorum</strong></span> <span class='ocrx_word' id='word_1_145' title='bbox 1230 1815 1361 1872; x_wconf 82' lang='lat' dir='ltr'><strong>Lippe</strong></span> <span class='ocrx_word' id='word_1_146' title='bbox 1389 1823 1434 1857; x_wconf 87' lang='lat' dir='ltr'><strong>et</strong></span> <span class='ocrx_word' id='word_1_147' title='bbox 1460 1819 1601 1859; x_wconf 77' lang='lat' dir='ltr'><strong>Emse‘</strong></span> <span class='ocrx_word' id='word_1_148' title='bbox 1623 1832 1699 1862; x_wconf 88' lang='lat' dir='ltr'><strong>co-</strong></span> 
     </span>
     <span class='ocr_line' id='line_1_21' title="bbox 325 1889 1698 1952; baseline -0.001 -15"><span class='ocrx_word' id='word_1_149' title='bbox 325 1896 460 1952; x_wconf 90' lang='lat' dir='ltr'><strong>piose.</strong></span> <span class='ocrx_word' id='word_1_150' title='bbox 499 1915 557 1924; x_wconf 90' lang='lat'><strong>--</strong></span> <span class='ocrx_word' id='word_1_151' title='bbox 601 1891 752 1933; x_wconf 82' lang='lat' dir='ltr'><strong>Variat</strong></span> <span class='ocrx_word' id='word_1_152' title='bbox 781 1890 928 1932; x_wconf 85' lang='lat' dir='ltr'><strong>radice</strong></span> <span class='ocrx_word' id='word_1_153' title='bbox 957 1889 1187 1941; x_wconf 84' lang='lat' dir='ltr'><strong>tuberosa‚</strong></span> <span class='ocrx_word' id='word_1_154' title='bbox 1229 1889 1297 1931; x_wconf 91' lang='lat' dir='ltr'><strong>Sc.</strong></span> <span class='ocrx_word' id='word_1_155' title='bbox 1326 1890 1556 1934; x_wconf 85' lang='lat' dir='ltr'><strong>tuberosus</strong></span> <span class='ocrx_word' id='word_1_156' title='bbox 1587 1894 1698 1935; x_wconf 73' lang='lat' dir='ltr'><strong>Des-</strong></span> 
     </span>
     <span class='ocr_line' id='line_1_22' title="bbox 313 1962 1699 2026; baseline -0.002 -16"><span class='ocrx_word' id='word_1_157' title='bbox 313 1968 469 2026; x_wconf 81' lang='lat' dir='ltr'><strong>font.,</strong></span> <span class='ocrx_word' id='word_1_158' title='bbox 507 1975 637 2023; x_wconf 85' lang='lat' dir='ltr'><strong>atque</strong></span> <span class='ocrx_word' id='word_1_159' title='bbox 667 1965 840 2021; x_wconf 84' lang='lat' dir='ltr'><strong>spiculis</strong></span> <span class='ocrx_word' id='word_1_160' title='bbox 874 1963 1073 2005; x_wconf 90' lang='lat' dir='ltr'><strong>omnibus</strong></span> <span class='ocrx_word' id='word_1_161' title='bbox 1104 1962 1319 2004; x_wconf 84' lang='lat' dir='ltr'><strong>sessilibus</strong></span> <span class='ocrx_word' id='word_1_162' title='bbox 1357 1967 1587 2022; x_wconf 80' lang='lat' dir='ltr'><strong>consertis,</strong></span> <span class='ocrx_word' id='word_1_163' title='bbox 1627 1970 1699 2013; x_wconf 83' lang='lat' dir='ltr'><strong>Sc.</strong></span> 
     </span>
    </p>
   </div>
   <div class='ocr_carea' id='block_1_10' title="bbox 322 2038 1698 2169">
    <p class='ocr_par' dir='ltr' id='par_1_10' title="bbox 322 2038 1698 2169">
     <span class='ocr_line' id='line_1_23' title="bbox 326 2038 1698 2098; baseline -0.004 -15"><span class='ocrx_word' id='word_1_164' title='bbox 326 2049 581 2098; x_wconf 87' lang='lat' dir='ltr'><strong>compactus</strong></span> <span class='ocrx_word' id='word_1_165' title='bbox 613 2038 862 2096; x_wconf 80' lang='lat' dir='ltr'><strong>Hoffinamz</strong></span> <span class='ocrx_word' id='word_1_166' title='bbox 875 2067 890 2088; x_wconf 90' lang='lat'><em>,</em></span> <span class='ocrx_word' id='word_1_167' title='bbox 936 2051 1044 2092; x_wconf 91' lang='lat' dir='ltr'><strong>quos</strong></span> <span class='ocrx_word' id='word_1_168' title='bbox 1064 2050 1167 2078; x_wconf 87' lang='lat' dir='ltr'><strong>vero</strong></span> <span class='ocrx_word' id='word_1_169' title='bbox 1188 2051 1244 2079; x_wconf 84' lang='lat' dir='ltr'><strong>ne</strong></span> <span class='ocrx_word' id='word_1_170' title='bbox 1265 2038 1442 2094; x_wconf 87' lang='lat' dir='ltr'><strong>quidem</strong></span> <span class='ocrx_word' id='word_1_171' title='bbox 1461 2054 1542 2084; x_wconf 89' lang='lat' dir='ltr'><strong>ceu</strong></span> <span class='ocrx_word' id='word_1_172' title='bbox 1561 2044 1698 2087; x_wconf 83' lang='lat' dir='ltr'><strong>varie.</strong></span> 
     </span>
     <span class='ocr_line' id='line_1_24' title="bbox 322 2110 1623 2169; baseline -0.006 -11"><span class='ocrx_word' id='word_1_173' title='bbox 322 2123 433 2157; x_wconf 83' lang='lat' dir='ltr'><strong>tates</strong></span> <span class='ocrx_word' id='word_1_174' title='bbox 464 2129 490 2158; x_wconf 90' lang='lat' dir='ltr'><strong>a</strong></span> <span class='ocrx_word' id='word_1_175' title='bbox 511 2115 674 2169; x_wconf 79' lang='lat' dir='ltr'><strong>vulgari</strong></span> <span class='ocrx_word' id='word_1_176' title='bbox 702 2111 966 2169; x_wconf 89' lang='lat' dir='ltr'><strong>separandos</strong></span> <span class='ocrx_word' id='word_1_177' title='bbox 987 2110 1210 2153; x_wconf 85' lang='lat' dir='ltr'><strong>habemus.</strong></span> <span class='ocrx_word' id='word_1_178' title='bbox 1610 2114 1623 2127; x_wconf 66' lang='lat'><strong>⁹</strong></span> 
     </span>
    </p>
   </div>
   <div class='ocr_carea' id='block_1_11' title="bbox 198 2214 1662 2381">
    <p class='ocr_par' dir='ltr' id='par_1_11' title="bbox 198 2194 1662 2381">
     <span class='ocr_line' id='line_1_25' title="bbox 198 2214 1492 2282; baseline 0.002 -16"><span class='ocrx_word' id='word_1_179' title='bbox 198 2218 280 2266; x_wconf 81' lang='lat'><strong>64.</strong></span> <span class='ocrx_word' id='word_1_180' title='bbox 325 2218 378 2270; x_wconf 78' lang='lat' dir='ltr'><strong>S.</strong></span> <span class='ocrx_word' id='word_1_181' title='bbox 414 2214 726 2282; x_wconf 79' lang='lat' dir='ltr'><strong>sylvaticu8.</strong></span> <span class='ocrx_word' id='word_1_182' title='bbox 793 2224 843 2265; x_wconf 90' lang='lat' dir='ltr'><strong>L.</strong></span> <span class='ocrx_word' id='word_1_183' title='bbox 901 2223 978 2265; x_wconf 87' lang='lat' dir='ltr'><strong>RS.</strong></span> <span class='ocrx_word' id='word_1_184' title='bbox 1003 2223 1073 2267; x_wconf 87' lang='lat'><strong>66.</strong></span> <span class='ocrx_word' id='word_1_185' title='bbox 1130 2223 1179 2264; x_wconf 94' lang='grc' dir='ltr'><strong>Ρ.</strong></span> <span class='ocrx_word' id='word_1_186' title='bbox 1199 2222 1271 2277; x_wconf 87' lang='lat'><strong>71.</strong></span> <span class='ocrx_word' id='word_1_187' title='bbox 1329 2226 1399 2269; x_wconf 90' lang='lat' dir='ltr'><strong>W.</strong></span> <span class='ocrx_word' id='word_1_188' title='bbox 1420 2228 1492 2276; x_wconf 82' lang='grc'><strong>58.</strong></span> 
     </span>
     <span class='ocr_line' id='line_1_26' title="bbox 404 2301 1662 2381; baseline 0.008 -20"><span class='ocrx_word' id='word_1_189' title='bbox 404 2314 476 2372; x_wconf 69' lang='grc' dir='ltr'><strong>Ζί.</strong></span> <span class='ocrx_word' id='word_1_190' title='bbox 542 2321 594 2375; x_wconf 78' lang='grc'><strong>6,</strong></span> <span class='ocrx_word' id='word_1_191' title='bbox 622 2322 664 2365; x_wconf 90' lang='grc'><strong>7.</strong></span> <span class='ocrx_word' id='word_1_192' title='bbox 723 2320 774 2360; x_wconf 90' lang='lat' dir='ltr'><strong>In</strong></span> <span class='ocrx_word' id='word_1_193' title='bbox 794 2320 917 2361; x_wconf 87' lang='lat' dir='ltr'><strong>fossis</strong></span> <span class='ocrx_word' id='word_1_194' title='bbox 939 2326 982 2362; x_wconf 82' lang='lat' dir='ltr'><strong>et</strong></span> <span class='ocrx_word' id='word_1_195' title='bbox 1001 2325 1134 2376; x_wconf 83' lang='lat' dir='ltr'><strong>pratis</strong></span> <span class='ocrx_word' id='word_1_196' title='bbox 1155 2318 1252 2363; x_wconf 87' lang='lat' dir='ltr'><strong>udis</strong></span> <span class='ocrx_word' id='word_1_197' title='bbox 1271 2323 1433 2381; x_wconf 90' lang='lat' dir='ltr'><strong>ubique</strong></span> <span class='ocrx_word' id='word_1_198' title='bbox 1455 2301 1662 2373; x_wconf 83' lang='lat' dir='ltr'><strong>abundat.</strong></span> 
     </span>
    </p>
   </div>
   <div class='ocr_carea' id='block_1_12' title="bbox 196 2421 1217 2480">
    <p class='ocr_par' dir='ltr' id='par_1_12' title="bbox 196 2421 1217 2480">
     <span class='ocr_line' id='line_1_27' title="bbox 196 2421 1217 2480; baseline -0.009 -2"><span class='ocrx_word' id='word_1_199' title='bbox 196 2434 276 2480; x_wconf 82' lang='lat'><strong>65.</strong></span> <span class='ocrx_word' id='word_1_200' title='bbox 327 2426 380 2477; x_wconf 82' lang='lat' dir='ltr'><strong>S.</strong></span> <span class='ocrx_word' id='word_1_201' title='bbox 414 2421 684 2475; x_wconf 77' lang='lat' dir='ltr'><strong>radicans.</strong></span> <span class='ocrx_word' id='word_1_202' title='bbox 755 2430 969 2473; x_wconf 58' lang='lat' dir='ltr'><strong>scnium.</strong></span> <span class='ocrx_word' id='word_1_203' title='bbox 1030 2429 1108 2470; x_wconf 84' lang='lat' dir='ltr'><strong>RS.</strong></span> <span class='ocrx_word' id='word_1_204' title='bbox 1145 2427 1217 2472; x_wconf 89' lang='grc'><strong>67.</strong></span> 
     </span>
    </p>
   </div>
   <div class='ocr_carea' id='block_1_13' title="bbox 326 2511 1481 2597">
    <p class='ocr_par' dir='ltr' id='par_1_13' title="bbox 326 2511 1481 2597">
     <span class='ocr_line' id='line_1_28' title="bbox 326 2511 1481 2597; baseline -0.005 -33"><span class='ocrx_word' id='word_1_205' title='bbox 326 2525 395 2566; x_wconf 75' lang='lat' dir='ltr'><strong>Se.</strong></span> <span class='ocrx_word' id='word_1_206' title='bbox 426 2520 727 2597; x_wconf 52' lang='grc' dir='ltr'><strong>εγινατῑωεβ,</strong></span> <span class='ocrx_word' id='word_1_207' title='bbox 795 2518 947 2563; x_wconf 75' lang='lat' dir='ltr'><strong>szd.</strong></span> <span class='ocrx_word' id='word_1_208' title='bbox 1005 2518 1053 2559; x_wconf 88' lang='lat' dir='ltr'><strong>P.</strong></span> <span class='ocrx_word' id='word_1_209' title='bbox 1084 2515 1207 2593; x_wconf 51' lang='lat'><strong>713,</strong></span> <span class='ocrx_word' id='word_1_210' title='bbox 1266 2515 1338 2558; x_wconf 86' lang='lat' dir='ltr'><strong>w.</strong></span> <span class='ocrx_word' id='word_1_211' title='bbox 1360 2511 1481 2589; x_wconf 66' lang='grc' dir='ltr'><strong>ὅεβ,</strong></span> 
     </span>
    </p>
   </div>
   <div class='ocr_carea' id='block_1_14' title="bbox 408 2610 1698 2688">
    <p class='ocr_par' dir='ltr' id='par_1_14' title="bbox 408 2610 1698 2688">
     <span class='ocr_line' id='line_1_29' title="bbox 408 2610 1698 2688; baseline -0.005 -28"><span class='ocrx_word' id='word_1_212' title='bbox 408 2633 482 2688; x_wconf 52' lang='grc' dir='ltr'><strong>χι.</strong></span> <span class='ocrx_word' id='word_1_213' title='bbox 513 2630 541 2671; x_wconf 89' lang='lat'><strong>7</strong></span> <span class='ocrx_word' id='word_1_214' title='bbox 554 2643 573 2652; x_wconf 92' lang='lat'><em>-</em></span> <span class='ocrx_word' id='word_1_215' title='bbox 585 2618 625 2661; x_wconf 81' lang='lat'><strong>9.</strong></span> <span class='ocrx_word' id='word_1_216' title='bbox 638 2618 688 2658; x_wconf 90' lang='lat' dir='ltr'><strong>In</strong></span> <span class='ocrx_word' id='word_1_217' title='bbox 699 2617 832 2673; x_wconf 86' lang='lat' dir='ltr'><strong>pratis</strong></span> <span class='ocrx_word' id='word_1_218' title='bbox 845 2615 1029 2656; x_wconf 81' lang='lat' dir='ltr'><strong>humidis</strong></span> <span class='ocrx_word' id='word_1_219' title='bbox 1040 2627 1178 2670; x_wconf 88' lang='lat' dir='ltr'><strong>prope</strong></span> <span class='ocrx_word' id='word_1_220' title='bbox 1190 2612 1366 2663; x_wconf 78' lang='lat' dir='ltr'><strong>Rheine,</strong></span> <span class='ocrx_word' id='word_1_221' title='bbox 1378 2612 1439 2652; x_wconf 90' lang='lat' dir='ltr'><strong>M.</strong></span> <span class='ocrx_word' id='word_1_222' title='bbox 1460 2634 1502 2645; x_wconf 92' lang='lat'><strong>--</strong></span> <span class='ocrx_word' id='word_1_223' title='bbox 1514 2610 1698 2653; x_wconf 85' lang='lat' dir='ltr'><strong>Praece-</strong></span> 
     </span>
    </p>
   </div>
   <div class='ocr_carea' id='block_1_15' title="bbox 322 2692 1698 2826">
    <p class='ocr_par' dir='ltr' id='par_1_15' title="bbox 322 2692 1698 2826">
     <span class='ocr_line' id='line_1_30' title="bbox 324 2692 1698 2749; baseline -0.007 -7"><span class='ocrx_word' id='word_1_224' title='bbox 324 2702 446 2743; x_wconf 84' lang='lat' dir='ltr'><strong>denti</strong></span> <span class='ocrx_word' id='word_1_225' title='bbox 465 2700 590 2742; x_wconf 70' lang='lat' dir='ltr'><strong>valde</strong></span> <span class='ocrx_word' id='word_1_226' title='bbox 620 2698 793 2749; x_wconf 81' lang='lat' dir='ltr'><strong>similis,</strong></span> <span class='ocrx_word' id='word_1_227' title='bbox 824 2695 1151 2749; x_wconf 80' lang='lat' dir='ltr'><strong>recognoscitur</strong></span> <span class='ocrx_word' id='word_1_228' title='bbox 1177 2706 1279 2735; x_wconf 86' lang='lat' dir='ltr'><strong>vero</strong></span> <span class='ocrx_word' id='word_1_229' title='bbox 1301 2693 1475 2749; x_wconf 88' lang='lat' dir='ltr'><strong>spiculis</strong></span> <span class='ocrx_word' id='word_1_230' title='bbox 1496 2692 1698 2742; x_wconf 82' lang='lat' dir='ltr'><strong>omnibus</strong></span> 
     </span>
     <span class='ocr_line' id='line_1_31' title="bbox 322 2765 1695 2826; baseline -0.007 -10"><span class='ocrx_word' id='word_1_231' title='bbox 322 2775 550 2825; x_wconf 77' lang='lat' dir='ltr'><strong>solitariis,</strong></span> <span class='ocrx_word' id='word_1_232' title='bbox 583 2770 874 2826; x_wconf 81' lang='lat' dir='ltr'><strong>longioribus,</strong></span> <span class='ocrx_word' id='word_1_233' title='bbox 913 2768 1190 2810; x_wconf 83' lang='lat' dir='ltr'><strong>acutioribus.</strong></span> <span class='ocrx_word' id='word_1_234' title='bbox 1251 2767 1392 2809; x_wconf 89' lang='lat' dir='ltr'><strong>Culmi</strong></span> <span class='ocrx_word' id='word_1_235' title='bbox 1421 2766 1587 2809; x_wconf 88' lang='lat' dir='ltr'><strong>steriles</strong></span> <span class='ocrx_word' id='word_1_236' title='bbox 1619 2765 1695 2808; x_wconf 90' lang='lat' dir='ltr'><strong>de-</strong></span> 
     </span>
    </p>
   </div>
   <div class='ocr_carea' id='block_1_16' title="bbox 322 2843 1114 2901">
    <p class='ocr_par' dir='ltr' id='par_1_16' title="bbox 322 2843 1114 2901">
     <span class='ocr_line' id='line_1_32' title="bbox 322 2843 1114 2901; baseline -0.009 -12"><span class='ocrx_word' id='word_1_237' title='bbox 322 2862 442 2889; x_wconf 85' lang='lat' dir='ltr'><strong>mum</strong></span> <span class='ocrx_word' id='word_1_238' title='bbox 471 2845 685 2901; x_wconf 79' lang='lat' dir='ltr'><strong>elongati,</strong></span> <span class='ocrx_word' id='word_1_239' title='bbox 715 2845 836 2901; x_wconf 86' lang='lat' dir='ltr'><strong>apice</strong></span> <span class='ocrx_word' id='word_1_240' title='bbox 857 2843 1114 2887; x_wconf 80' lang='lat' dir='ltr'><strong>radicantes.</strong></span> 
     </span>
    </p>
   </div>
   <div class='ocr_carea' id='block_1_17' title="bbox 1723 285 1737 308">
    <p class='ocr_par' dir='ltr' id='par_1_17' title="bbox 1723 285 1737 308">
     <span class='ocr_line' id='line_1_33' title="bbox 1723 285 1737 308; baseline 0 0"><span class='ocrx_word' id='word_1_241' title='bbox 1723 285 1737 308; x_wconf 76' lang='lat' dir='ltr'><em>l</em></span> 
     </span>
    </p>
   </div>
  </div>
 </body>
</html>
