1784 3328
162 925 242 970 90.

168 1368 249 1414 91.

171 2103 252 2148 93.

181 2763 261 2813 94.

706 191 1027 235 TRIANDRIA.
1090 193 1189 236 Dm.

281 334 330 411 β
372 357 416 399 in
454 357 742 400 sterilioribus
790 358 940 412 siccis3
972 356 1018 414 'y
1048 357 1263 400 rarissime
1282 359 1327 399 in
1347 358 1483 415 pratis
1502 357 1675 414 pingui-

284 440 460 494 oribus,
492 441 623 481 unica
653 447 826 481 tantum
848 441 942 481 :vice
963 441 1152 496 lec-tum3
1196 414 1251 477 A*
1273 448 1482 482 autumno
1511 440 1557 480 in
1579 441 1675 481 solo

283 514 415 555 fertili
454 521 585 568 atque
622 513 668 552 in
706 513 866 568 plantis
906 514 1064 554 iterum
1103 515 1384 570 florentibus,
1434 528 1525 556 non
1565 514 1676 555 adeo

283 600 385 629 rara
427 588 636 639 varietas,
709 587 927 628 immerito
967 589 1157 644 vivipara
1196 590 1339 643 dicta,
1411 589 1490 630 sed
1529 588 1675 645 potius

283 660 440 714 glumis
468 659 787 701 luxuriantibus
821 660 1037 715 insignita.

404 814 477 859 30.
517 815 802 864 ,ΜΙΙΛΙΠΜ.
835 817 886 857 L.
909 817 986 858 RS.
1008 816 1108 862 218.
1142 817 1192 859 Ρ.
1215 813 1317 861 145.
1351 815 1423 861 W.
1456 815 1557 861 130.

289 918 369 971 M.
406 918 662 972 effusum.
731 930 780 971 L.
812 932 891 972 RS.
924 942 966 974 2.
995 933 1044 974 P.
1076 932 1117 976 9.
1150 932 1222 975 W.
1253 943 1297 985 7.

385 1012 449 1067 22·-
508 1030 534 1070 5
549 1058 561 1080 ,
594 1025 634 1069 6.
667 1027 843 1082 Ubique
864 1029 909 1068 in
930 1030 1173 1070 nemorosis
1194 1029 1498 1071 umbrosis.—
1518 1028 1675 1072 Planta

288 1099 484 1159 4pedalis
517 1110 560 1142 et
590 1103 730 1154 ultra,
762 1103 966 1159 panicula
996 1103 1177 1157 diffusa,
1211 1105 1386 1160 spiculis
1417 1103 1633 1146 solitariis.

372 1257 444 1302 31.
478 1257 842 1299 AGROSTIS.
873 1259 924 1299 L.
956 1259 1035 1299 RS.
1057 1258 1157 1301 229.
1191 1259 1239 1300 P.
1265 1254 1366 1303 146.
1399 1259 1471 1302 W.
1495 1257 1597 1302 131.

293 1360 361 1413 A.
398 1359 553 1426 spica
587 1359 757 1412 venti.
827 1370 877 1411 L.
906 1372 984 1411 RS.
1006 1370 1077 1414 83.
1110 1371 1158 1411 Ρ.
1181 1370 1222 1414 1.
1255 1370 1326 1412 W.
1349 1370 1391 1414 1.

372 1448 463 1520 Ε).
521 1466 572 1521 6,
612 1478 655 1520 ’7.
719 1469 840 1509 Inter
871 1475 1034 1522 segetes
1075 1468 1332 1523 praesertim
1365 1467 1581 1522 hyemales
1612 1467 1679 1508 ni-

293 1542 375 1583 mis
408 1542 609 1598 copiose,
641 1542 863 1583 interdum
891 1542 937 1581 in
969 1541 1156 1583 dumetis
1188 1549 1231 1582 et
1260 1540 1597 1583 ambarvalibus.

238 1691 252 1707 .
294 1658 364 1710 Α.
398 1656 660 1727 vulgaris.
737 1668 1004 1726 Wchermg.
1038 1670 1117 1712 RS.
1149 1669 1218 1714 18.
1251 1670 1300 1711 P.
1333 1670 1405 1714 21.

378 1752 440 1805 Q.
513 1777 565 1819 7,
594 1766 636 1809 8.
698 1765 752 1805 In
780 1766 939 1821 pratis,
980 1767 1117 1818 arvis,
1150 1768 1361 1823 sylvaticis
1392 1768 1683 1822 vulgatissima

296 1841 459 1897 ubique
488 1842 702 1881 locorum.
723 1861 781 1869 -
835 1840 990 1880 Planta
1018 1841 1312 1897 maximopere
1332 1842 1526 1894 varians,
1556 1843 1681 1883 inde-

298 1930 383 1971 que
414 1915 519 1956 olim
539 1914 685 1954 multis
709 1912 852 1953 dubiis
883 1921 1055 1966 vexata,
1088 1928 1207 1955 nunc
1227 1917 1472 1971 synonymis
1496 1916 1655 1957 obruta
1670 1945 1685 1973 3

300 2003 412 2045 quae
443 1987 528 2029 hoc
556 1988 656 2029 loco
688 2000 891 2028 enarrare
920 2001 1000 2043 per
1031 1990 1217 2044 spatium
1247 2003 1338 2030 non
1371 1989 1488 2031 licet.

300 2093 371 2145 A.
406 2091 551 2142 alba.
621 2101 671 2141 L.
705 2099 782 2139 Rs.
815 2099 856 2142 9.
889 2101 937 2140 Ρ.
969 2109 1039 2152 25.
1075 2100 1144 2141 W.
1176 2100 1248 2145 28.

385 2186 447 2237 Ἀ.
513 2208 568 2250 7,
597 2197 639 2241 8.
704 2196 756 2235 In
796 2197 957 2251 pratis,
999 2197 1110 2237 arvis
1141 2196 1360 2252 frequens.
1391 2219 1451 2229 —
1500 2199 1686 2242 Pl‘aece·
1729 2216 1737 2223 ·

302 2275 423 2316 denti
454 2273 629 2323 similis,
661 2283 744 2311 nec
774 2270 915 2310 minus
944 2270 1235 2326 polymorpha
1265 2271 1441 2324 habitu,
1470 2276 1687 2326 magnitu-

302 2349 405 2389 dine
437 2355 480 2388 et
512 2347 673 2387 colore.
734 2342 1021 2397 Distinguitur
1050 2358 1153 2385 vero
1192 2345 1336 2400 primo
1375 2346 1533 2385 intuitu
1563 2347 1688 2400 pani-

303 2423 402 2463 cula
433 2420 555 2476 apice
604 2424 850 2469 attenuata,
911 2419 1130 2459 verticillis
1161 2418 1332 2470 densis,
1381 2419 1556 2474 spiculis
1586 2418 1687 2460 bre-

303 2496 396 2537 vius
435 2493 727 2550 pedjcellatis,
780 2491 1038 2547 pedunculis
1078 2492 1158 2532 sub
1199 2491 1367 2533 anthesi
1415 2491 1693 2547 patentibus,

305 2583 389 2610 nec
426 2575 477 2608 ut
517 2567 561 2606 in
599 2566 746 2622 priore
795 2565 1115 2620 divergentibus
1158 2566 1289 2619 laxis,
1350 2571 1454 2622 post
1492 2565 1691 2608 anthesin

308 2643 467 2685 iterum
496 2640 758 2692 contractis,
799 2639 918 2695 quod
947 2652 1037 2682 non
1069 2639 1113 2678 in
1145 2639 1232 2680 illa.

312 2761 378 2811 A.
414 2757 630 2810 canina.
699 2769 749 2808 L.
781 2768 828 2808 P.
861 2768 930 2812 13.
962 2767 1032 2808 W.
1072 2766 1138 2810 16.

309 2859 596 2902 Trichodium
627 2858 843 2900 caninum.
876 2855 1106 2899 Schrader.
1141 2856 1220 2897 RS.
1251 2855 1363 2909 211,
1398 2855 1440 2900 1.
