1784 3328
142 210 200 257 94

146 583 259 632 405.

146 1822 265 1871 406.

639 214 1014 257 PENTANDRIA.
1073 217 1215 259 Pam
1222 231 1260 257 G.

596 354 1399 409 PENTAGYNIA.

365 502 466 547 153.
525 504 724 546 LINUM.
753 506 803 545 L.
862 506 940 546 RS.
966 505 1091 549 1260.
1151 508 1199 548 P.
1221 503 1322 551 749.
1383 507 1457 550 W.
1479 506 1580 551 590.

307 590 372 642 L.
410 589 862 644 usitatissimum.
894 603 944 642 L.
1005 600 1087 640 RS.
1117 612 1154 644 1.
1215 601 1263 641 P.
1290 611 1327 643 1.
1387 599 1459 642 W.
1486 611 1525 643 1.

394 710 449 746 α.
480 691 737 757 vulgare,
773 700 958 756 capsulis
988 706 1089 755 post
1109 697 1403 739 maturitatem
1433 698 1602 739 clausis.

395 789 455 863 β.
490 789 790 855 crepitans,
827 798 987 849 Nobis,
1019 796 1205 853 capsulis
1236 794 1417 838 maturis
1449 808 1550 835 cum
1578 802 1688 837 stre-

307 876 401 932 pitu
434 882 589 930 sponte
620 871 956 914 dehiscentibus.

399 945 483 1015 (⁰).
516 962 665 1005 5—7.
729 961 898 1001 Colitur
927 959 1092 1015 ubique
1124 957 1326 1013 copiose,
1356 957 1611 1013 praesertim
1632 965 1690 1012 α,

308 1038 450 1080 rarius
480 1024 551 1098 β,
584 1050 666 1077 nec
697 1049 787 1076 non
818 1042 1107 1090 spontaneum
1138 1033 1251 1071 inter
1279 1039 1442 1085 segetes
1472 1033 1563 1073 fere
1591 1032 1689 1072 ubi-

310 1135 408 1176 que.
449 1142 508 1149 —
577 1116 926 1172 Agricultoribus
959 1115 1141 1156 varietas
1171 1089 1241 1166 β,
1301 1112 1544 1166 Klanglein
1603 1113 1689 1153 illis

309 1195 482 1246 audita,
523 1192 611 1248 jam
644 1191 810 1231 dudum
841 1205 866 1231 a
894 1191 1066 1245 priore,
1109 1202 1240 1243 quam
1279 1186 1544 1227 Droschlein
1573 1200 1687 1226 nun-

309 1276 498 1325 cupant,
527 1266 730 1307 distincta
760 1265 853 1305 suit.
901 1266 1097 1318 Utraque
1129 1276 1179 1302 ex
1209 1259 1442 1301 seminibus
1464 1259 1690 1300 immutata

307 1349 532 1406 provenit,
564 1354 693 1402 atque
723 1323 768 1396 β
826 1352 1000 1401 praeter
1058 1342 1324 1383 differentias
1391 1340 1479 1394 jam
1539 1342 1689 1382 allatas

311 1430 565 1465 constanter
597 1422 642 1461 in
675 1420 829 1462 eodem
861 1420 954 1460 solo
988 1417 1135 1458 differt
1165 1414 1359 1456 caulibus
1389 1413 1690 1466 brevioribus,

309 1496 614 1547 validioribus,
645 1493 983 1546 ramosioribus3
1027 1491 1165 1541 foliis,
1205 1489 1384 1529 floribus
1416 1487 1689 1544 capsulisque

307 1570 573 1626 majoribu33
605 1567 839 1609 seminibus
872 1566 996 1606 citius
1027 1559 1455 1614 maturescentibuQ‘
1484 1560 1688 1616 pallidio-

307 1646 442 1687 ribus.
503 1643 617 1683 Haec
657 1640 873 1682 sufficiant
912 1639 968 1680 ad
999 1636 1365 1679 commendendas
1406 1635 1534 1676 hasce
1562 1635 1688 1690 plan-

307 1728 374 1761 tas
405 1716 605 1758 ulteriori
633 1717 938 1768 magistrorum
968 1712 1288 1755 examinationi.

313 1822 377 1872 L.
418 1816 793 1868 catharticum.
828 1825 878 1865 L.
937 1823 1016 1864 RS.
1036 1818 1107 1865 46.
1167 1821 1214 1860 P.
1236 1818 1307 1862 33.
1367 1818 1438 1860 W.
1460 1815 1532 1860 26.

399 1899 484 1969 Θ.
509 1916 656 1959 6-8.
702 1916 754 1954 1η
785 1913 921 1964 arvis,
955 1909 1149 1966 pascuis,
1181 1906 1394 1964 sylvaticis
1426 1906 1599 1962 ubique.
1630 1926 1688 1937 -

307 1992 451 2033 Herba
481 1998 656 2042 tenera,
707 1988 882 2042 glabra3
930 1985 1035 2026 solia
1064 1984 1254 2032 minuta,
1296 1980 1518 2036 opposita3
1559 1980 1688 2020 flores

310 2074 410 2107 ante
461 2064 657 2105 anthesin
707 2068 935 2113 nutantes,
994 2057 1141 2115 parvi,
1199 2055 1353 2112 petalis
1403 2053 1536 2107 albis,
1595 2052 1688 2093 basi

309 2137 653 2180 flavescentibus.
