1784 3328
493 843 1287 900 PRAEFATIO.

108 1284 377 1370 Praesens
414 1317 752 1386 opusculum
787 1316 850 1369 in
884 1317 1073 1369 lucem
1111 1314 1347 1380 edituri,
1397 1332 1472 1370 ne
1517 1331 1681 1368 cona-

109 1428 197 1469 tus
217 1419 395 1470 nostri
415 1416 870 1485 reprehendendi
893 1415 1209 1480 videantur,
1239 1415 1394 1486 quod
1416 1415 1682 1467 videlieet

109 1535 234 1569 rem
271 1517 505 1567 arduam
543 1515 992 1584 susceperimUS,
1045 1513 1336 1566 botanices
1383 1514 1682 1567 seientiam

112 1634 183 1667 ex
218 1614 474 1666 instituto
510 1614 906 1682 profitentibus
943 1613 1410 1683 relinquendam,
1457 1614 1520 1665 in
1567 1613 1682 1682 pri-

111 1715 220 1767 mis
247 1713 717 1783 praemonendum
742 1711 1209 1784 existimavimus,
1247 1715 1571 1781 plantarum
1599 1712 1684 1764 in-

121 1814 460 1885 digenarum
497 1811 988 1863 enumerationem
1027 1811 1125 1862 diu
1174 1814 1535 1881 multumque
1590 1812 1686 1864 de-

112 1913 414 1998 sideratam
450 1930 571 1963 esse
609 1930 638 1962 a
673 1911 1059 1980 botanophilis
1095 1911 1329 1975 nostris,
1386 1911 1683 1962 neminem

111 2030 244 2064 vero
281 2011 345 2061 in
378 2012 529 2061 hunc
564 2029 746 2079 usque
785 2011 940 2062 diem
975 2009 1149 2060 fuisse
1171 2050 1184 2072 ,
1249 2010 1349 2079 qui
1386 2011 1458 2061 ad
1491 2009 1682 2078 patriae

112 2113 339 2163 Floram
376 2110 780 2161 elaborandam
817 2128 939 2161 sese
977 2108 1324 2162 accinxisset.
1382 2111 1683 2177 Propterea

113 2227 217 2261 nos
256 2226 489 2277 operam
528 2219 582 2258 et
618 2209 812 2259 oleum
849 2208 1001 2259 haud
1047 2208 1364 2277 perdituros
1413 2226 1533 2259 esse
1571 2226 1685 2258 cre-

117 2306 403 2369 didimus,
443 2306 492 2357 si
529 2306 879 2358 succinctum
915 2308 1067 2358 hunc
1100 2308 1470 2376 prodromum
1498 2306 1687 2375 puhli-

118 2406 173 2457 ci
207 2404 347 2473 juris
385 2406 697 2458 faceremus
721 2446 734 2469 ,
798 2425 912 2475 quo
949 2405 998 2456 si
1032 2424 1151 2458 non
1202 2406 1431 2457 illorum
1467 2405 1687 2456 deside—

114 2504 201 2557 rio
237 2505 562 2568 satisfieret,
599 2503 877 2556 tironibus
915 2505 1118 2556 saltem
1152 2503 1372 2574 aliquid
1398 2503 1687 2556 commodi

119 2613 175 2656 ct
210 2604 465 2655 utilitatis
503 2605 885 2674 praeberetur.

110 2736 128 2794 κζ

60 2742 131 2815 ζ’·
254 2746 601 2799 Instantihus
672 2746 844 2819 igitur
912 2743 1150 2809 amiciS,
1250 2752 1306 2794 at
1371 2759 1492 2795 non
1560 2741 1685 2795 sine

147 2865 352 2910 1more,
444 2846 652 2900 auxilio
715 2862 1028 2914 paucorum
1084 2840 1300 2910 adjuti,
1381 2859 1522 2912 opus
1581 2861 1685 2913 pro

116 2816 128 2843 ι,

60 3170 132 3210 d
55 3114 127 3153 Ξ]
57 3055 124 3095 N
68 2969 131 2997 l
74 2909 130 2934 't
